15408 22964
768.0 1552.0 4560.0 1232.0 jBeaver
6272.0 1488.0 4224.0 896.0 Coumty
11728.0 1456.0 3024.0 896.0 News

732.0 2988.0 424.0 116.0 VOL.
1284.0 2988.0 148.0 112.0 8.
1776.0 3040.0 128.0 116.0 0
2120.0 3036.0 232.0 116.0 46
5172.0 2996.0 900.0 120.0 M1LFORD.
6188.0 2984.0 760.0 124.0 BEAVER
7060.0 2972.0 844.0 120.0 COUNTY.
8016.0 2964.0 560.0 128.0 UTAH.
8688.0 2964.0 740.0 132.0 FRIDAY.
9568.0 2960.0 392.0 120.0 MAY
10076.0 2964.0 240.0 124.0 12.
10424.0 2964.0 388.0 120.0 1916
13540.0 2936.0 528.0 128.0 S2.QO
14176.0 2932.0 364.0 120.0 PER
14644.0 2920.0 512.0 128.0 YEAR

744.0 3488.0 568.0 408.0 Blini
1984.0 3536.0 1056.0 416.0 Mention

616.0 4300.0 1264.0 224.0 S7:'iUS2',tieejcy
1980.0 4352.0 452.0 164.0 Survey

860.0 4952.0 412.0 88.0 Report
1324.0 4964.0 356.0 68.0 romei
1732.0 4932.0 104.0 88.0 in
1900.0 4928.0 244.0 92.0 that
2176.0 4948.0 60.0 68.0 a
2288.0 4916.0 300.0 116.0 large
2640.0 4912.0 416.0 112.0 deposit

732.0 5104.0 112.0 88.0 of
900.0 5100.0 384.0 116.0 potash
1340.0 5092.0 192.0 88.0 has
1612.0 5088.0 268.0 88.0 been
1952.0 5064.0 636.0 104.0 discovered
2644.0 5064.0 108.0 88.0 in
2812.0 5056.0 248.0 96.0 Iron

736.0 5264.0 472.0 100.0 County;
1264.0 5268.0 140.0 68.0 no
1460.0 5236.0 432.0 92.0 further
1944.0 5224.0 396.0 96.0 details
2396.0 5236.0 116.0 76.0 at
2580.0 5224.0 476.0 108.0 preient.

856.0 5728.0 992.0 108.0 Cedar-Talisman
1960.0 5716.0 308.0 92.0 slock
2384.0 5712.0 20.0 88.0 i
2596.0 5696.0 456.0 112.0 soaring.

740.0 5896.0 260.0 92.0 Less
1056.0 5892.0 268.0 88.0 than
1384.0 5908.0 60.0 64.0 a
1500.0 5872.0 380.0 96.0 month
1936.0 5896.0 208.0 80.0 ago
2228.0 5868.0 88.0 88.0 it
2368.0 5884.0 224.0 64.0 was
2668.0 5848.0 392.0 120.0 quoted

740.0 6060.0 116.0 76.0 at
948.0 6064.0 328.0 68.0 Beveu
1376.0 6044.0 352.0 84.0 cent",
1840.0 6016.0 256.0 96.0 with
2196.0 6012.0 288.0 92.0 little
2596.0 6008.0 460.0 96.0 interest

736.0 6200.0 432.0 100.0 shown;
1220.0 6176.0 672.0 108.0 Wednesday
1936.0 6172.0 88.0 88.0 's
2072.0 6160.0 628.0 124.0 quotations
2756.0 6156.0 312.0 108.0 place

740.0 6344.0 216.0 96.0 tliis
1060.0 6340.0 300.0 88.0 stock
1456.0 6344.0 116.0 76.0 at
1672.0 6328.0 600.0 88.0 seventeen
2376.0 6308.0 204.0 92.0 and
2684.0 6332.0 64.0 64.0 a
2832.0 6296.0 240.0 100.0 half

748.0 6508.0 352.0 84.0 cents.

56.0 6956.0 88.0 24.0 -
868.0 6952.0 632.0 108.0 According
1596.0 6952.0 112.0 84.0 to
1808.0 6940.0 192.0 88.0 the
2088.0 6928.0 416.0 112.0 Mining
2572.0 6916.0 216.0 100.0 and
2860.0 6916.0 156.0 88.0 En

744.0 7108.0 580.0 124.0 gineering
1388.0 7088.0 392.0 108.0 World,
1844.0 7116.0 204.0 60.0 one
2120.0 7068.0 496.0 104.0 hundred
2688.0 7072.0 376.0 88.0 eleven

740.0 7260.0 612.0 116.0 companies
1420.0 7244.0 564.0 120.0 operating
2044.0 7228.0 580.0 100.0 American
2684.0 7224.0 372.0 100.0 mints,

740.0 7416.0 308.0 104.0 have,
1100.0 7404.0 388.0 112.0 during
1568.0 7396.0 180.0 92.0 the
1828.0 7388.0 236.0 92.0 first
2144.0 7392.0 232.0 80.0 four
2464.0 7368.0 432.0 96.0 months
2948.0 7364.0 116.0 92.0 of

744.0 7580.0 180.0 80.0 the
1012.0 7568.0 444.0 112.0 present
1508.0 7572.0 292.0 92.0 year,
1864.0 7536.0 248.0 120.0 paid
2196.0 7552.0 108.0 72.0 to
2388.0 7524.0 276.0 96.0 their
2712.0 7520.0 308.0 92.0 stock-

748.0 7712.0 432.0 100.0 holders
1280.0 7708.0 188.0 88.0 the
1568.0 7724.0 228.0 64.0 turn
1896.0 7688.0 124.0 92.0 of
2116.0 7676.0 780.0 124.0 $46,780,286.00
2960.0 7668.0 100.0 88.0 in

736.0 7860.0 612.0 104.0 dividend.
1408.0 7852.0 256.0 92.0 This
1696.0 7852.0 88.0 84.0 is
1816.0 7844.0 204.0 116.0 $10,
2040.0 7836.0 564.0 112.0 340,385.00
2636.0 7832.0 436.0 108.0 greater

744.0 8020.0 256.0 96.0 than
1124.0 8012.0 188.0 92.0 the
1424.0 8004.0 412.0 92.0 banner
1932.0 8020.0 260.0 88.0 year
2288.0 7988.0 112.0 88.0 of
2500.0 7980.0 264.0 104.0 1913,
2860.0 7968.0 200.0 96.0 and

232.0 8244.0 12.0 12.0 .
736.0 8160.0 800.0 124.0 $21,683,804.00
1628.0 8156.0 104.0 88.0 in
1828.0 8168.0 368.0 72.0 excess
2284.0 8140.0 112.0 88.0 of
2492.0 8128.0 176.0 96.0 the
2776.0 8152.0 292.0 64.0 same

748.0 8320.0 372.0 112.0 period
1184.0 8316.0 172.0 92.0 for
1408.0 8312.0 268.0 88.0 1915.
1824.0 8288.0 544.0 104.0 Statistics
2424.0 8280.0 320.0 104.0 show,
2824.0 8300.0 244.0 88.0 says

764.0 8472.0 216.0 96.0 this
1032.0 8472.0 68.0 116.0 ji
1152.0 8468.0 352.0 104.0 urual,
1612.0 8460.0 256.0 88.0 that
1968.0 8452.0 108.0 88.0 of
2188.0 8444.0 144.0 92.0 all
2440.0 8432.0 624.0 112.0 legitimate

748.0 8628.0 424.0 108.0 mining
1284.0 8620.0 768.0 88.0 investments,
2148.0 8592.0 252.0 116.0 only
2508.0 8588.0 224.0 108.0 369b
2836.0 8576.0 224.0 108.0 fail,

740.0 8780.0 324.0 92.0 while
1164.0 8776.0 184.0 88.0 the
1448.0 8784.0 240.0 72.0 rate
1788.0 8768.0 104.0 80.0 of
1976.0 8748.0 392.0 96.0 failure
2456.0 8764.0 100.0 68.0 in
2632.0 8728.0 432.0 124.0 general

756.0 8924.0 592.0 100.0 coinercial
1404.0 8912.0 672.0 116.0 enterprises
2132.0 8904.0 88.0 88.0 is
2276.0 8896.0 260.0 108.0 Hfr.

864.0 9428.0 236.0 92.0 Tha
1200.0 9424.0 424.0 88.0 Beaver
1708.0 9404.0 300.0 100.0 Lake
2092.0 9388.0 392.0 104.0 Metals
2580.0 9388.0 204.0 88.0 has
2848.0 9380.0 228.0 120.0 Just

740.0 9568.0 620.0 124.0 completed
1416.0 9564.0 492.0 108.0 working
1960.0 9548.0 904.0 120.0 improvements,
2924.0 9528.0 100.0 92.0 in-

748.0 9732.0 440.0 112.0 cluding
1280.0 9752.0 60.0 60.0 a
1388.0 9732.0 700.0 96.0 compressor
2172.0 9696.0 208.0 96.0 and
2468.0 9684.0 320.0 108.0 hoist,
2848.0 9692.0 116.0 84.0 at
3016.0 9708.0 60.0 64.0 a

748.0 9908.0 220.0 76.0 cost
1076.0 9888.0 108.0 84.0 of
1280.0 9872.0 548.0 112.0 $4,000.00.
1960.0 9852.0 224.0 96.0 The
2280.0 9872.0 236.0 68.0 new
2588.0 9832.0 312.0 100.0 shaft
2984.0 9840.0 88.0 80.0 is

748.0 10040.0 308.0 92.0 down
1120.0 10032.0 340.0 108.0 thirty
1516.0 10016.0 236.0 96.0 feet
1804.0 10004.0 204.0 100.0 and
2064.0 10004.0 204.0 92.0 will
2324.0 10008.0 184.0 84.0 cut
2556.0 10016.0 184.0 68.0 ore
2796.0 9992.0 276.0 84.0 from

0.0 10208.0 52.0 72.0 v
748.0 10200.0 188.0 88.0 the
1044.0 10180.0 380.0 116.0 Dippe,
1532.0 10168.0 496.0 96.0 Number
2136.0 10164.0 88.0 104.0 6,
2336.0 10160.0 280.0 80.0 from
2732.0 10136.0 340.0 96.0 which

16.0 10264.0 88.0 188.0 i
748.0 10368.0 296.0 64.0 some
1132.0 10324.0 508.0 100.0 valuable
1724.0 10320.0 624.0 108.0 shipments
2420.0 10304.0 280.0 88.0 have
2800.0 10288.0 268.0 92.0 been

752.0 10496.0 352.0 92.0 made.
1248.0 10476.0 472.0 100.0 Smelter
1816.0 10488.0 440.0 68.0 returns
2352.0 10456.0 300.0 88.0 show
2704.0 10448.0 112.0 92.0 44
2892.0 10468.0 188.0 92.0 per

752.0 10668.0 252.0 68.0 cent
1092.0 10640.0 236.0 88.0 lead
1392.0 10628.0 208.0 92.0 and
1656.0 10628.0 116.0 88.0 15
1824.0 10640.0 396.0 72.0 ounces
2276.0 10608.0 328.0 92.0 silver
2652.0 10596.0 220.0 92.0 and
2944.0 10620.0 124.0 68.0 an

752.0 10824.0 388.0 68.0 ureij
1200.0 10800.0 108.0 80.0 uf
1368.0 10792.0 276.0 84.0 iron.
1780.0 10772.0 252.0 96.0 This
2084.0 10788.0 184.0 64.0 ore
2320.0 10788.0 88.0 60.0 ci
2460.0 10752.0 492.0 96.0 mmaids
3020.0 10780.0 52.0 56.0 a

756.0 10984.0 160.0 88.0 prr
956.0 10972.0 320.0 68.0 mium
1328.0 10960.0 116.0 72.0 at
1500.0 10940.0 184.0 84.0 the
1740.0 10932.0 512.0 88.0 smelters
2416.0 10916.0 228.0 88.0 The
2704.0 10904.0 372.0 92.0 tunnel

752.0 11116.0 104.0 84.0 of
936.0 11104.0 180.0 88.0 the
1176.0 11096.0 300.0 112.0 Baby
1528.0 11088.0 328.0 104.0 Jack,
1912.0 11072.0 392.0 96.0 owned
2356.0 11068.0 136.0 112.0 by
2552.0 11064.0 188.0 88.0 the
2792.0 11080.0 284.0 64.0 samf

756.0 11276.0 540.0 96.0 company
1360.0 11252.0 88.0 84.0 is
1504.0 11264.0 232.0 68.0 now
1792.0 11228.0 448.0 108.0 nearing
2300.0 11224.0 188.0 88.0 the
2544.0 11240.0 180.0 64.0 ore
2780.0 11208.0 260.0 92.0 bear-

760.0 11420.0 192.0 96.0 lug
1044.0 11408.0 288.0 88.0 vein.
1468.0 11392.0 264.0 92.0 Ttis
1836.0 11380.0 380.0 96.0 tunnel
2304.0 11364.0 212.0 100.0 will
2620.0 11384.0 192.0 92.0 tap
2904.0 11356.0 180.0 92.0 the

756.0 11560.0 304.0 100.0 shafi
1124.0 11568.0 112.0 80.0 ot
1320.0 11552.0 192.0 92.0 the
1572.0 11540.0 292.0 112.0 Baby
1916.0 11528.0 284.0 100.0 Jack
2276.0 11544.0 112.0 72.0 at
2452.0 11548.0 64.0 64.0 a
2576.0 11512.0 344.0 116.0 depth
2984.0 11536.0 56.0 64.0 o

756.0 11728.0 116.0 88.0 90
932.0 11724.0 252.0 80.0 leet.
1324.0 11704.0 208.0 92.0 Ore
1576.0 11704.0 108.0 84.0 in
1732.0 11688.0 212.0 96.0 this
1984.0 11684.0 296.0 92.0 shaft
2316.0 11680.0 360.0 88.0 shows
2716.0 11664.0 376.0 96.0 values

760.0 11872.0 124.0 96.0 of
976.0 11868.0 112.0 92.0 SO
1180.0 11880.0 408.0 72.0 ounces
1684.0 11848.0 340.0 92.0 silver
2124.0 11836.0 200.0 88.0 and
2424.0 11828.0 112.0 92.0 65
2584.0 11848.0 192.0 92.0 per
2840.0 11832.0 240.0 76.0 cent

760.0 12024.0 272.0 96.0 laid.
1168.0 12020.0 260.0 96.0 This
1476.0 12016.0 516.0 112.0 property
2064.0 11988.0 84.0 96.0 is
2200.0 11984.0 424.0 96.0 located
2696.0 11976.0 408.0 120.0 tw.6lf.

768.0 12184.0 304.0 88.0 miles
1228.0 12168.0 312.0 92.0 north
1700.0 12164.0 240.0 84.0 east
2096.0 12148.0 104.0 92.0 of
2376.0 12132.0 324.0 156.0 M'fln

768.0 12336.0 188.0 88.0 the
1072.0 12320.0 324.0 96.0 north
1488.0 12312.0 216.0 92.0 end
1800.0 12312.0 112.0 84.0 of
2024.0 12296.0 300.0 148.0 lheer
2416.0 12348.0 284.0 96.0 Lake
2904.0 12364.0 200.0 88.0 Th(

172.0 12512.0 36.0 12.0 '
476.0 12468.0 248.0 144.0 JiS
776.0 12480.0 408.0 112.0 Mining
1276.0 12468.0 716.0 132.0 district,.
2096.0 12500.0 596.0 108.0 Mountain,
2792.0 12520.0 184.0 84.0 the
3032.0 12540.0 72.0 64.0 e:

256.0 12632.0 76.0 144.0 T
972.0 12620.0 876.0 160.0 hog-luifVcently
1924.0 12660.0 772.0 108.0 incorporated
2784.0 12668.0 216.0 112.0 day
3056.0 12696.0 48.0 64.0 a

276.0 12840.0 20.0 84.0 (
828.0 12820.0 452.0 96.0 'j"uani
1440.0 12820.0 416.0 92.0 Beaver
1908.0 12816.0 296.0 92.0 Lake
2260.0 12812.0 432.0 108.0 Metals,
2784.0 12820.0 320.0 88.0 shorn

288.0 12940.0 12.0 52.0 '
880.0 13000.0 528.0 88.0 company
1496.0 12968.0 428.0 96.0 in'ends
2000.0 12964.0 696.0 120.0 prosecuting
2792.0 12968.0 312.0 92.0 Mine:

308.0 13156.0 8.0 52.0 :
888.0 13132.0 360.0 88.0 cjyeloi
1284.0 13136.0 300.0 80.0 nit-nt
1636.0 13116.0 636.0 116.0 operations
2324.0 13116.0 208.0 88.0 and
2592.0 13128.0 104.0 76.0 to
2784.0 13124.0 264.0 88.0 sand

828.0 13288.0 204.0 112.0 Jie.
1048.0 13280.0 528.0 92.0 different
1644.0 13300.0 184.0 64.0 ore
1888.0 13272.0 376.0 92.0 bodies
2320.0 13264.0 376.0 96.0 within
2792.0 13272.0 312.0 92.0 while

372.0 13440.0 288.0 100.0 i!-::
724.0 13440.0 696.0 92.0 boundaries.
2784.0 13428.0 320.0 88.0 sixtei

488.0 13632.0 116.0 88.0 Ti
660.0 13656.0 52.0 64.0 e
828.0 13624.0 508.0 112.0 property
1460.0 13612.0 436.0 116.0 adjoins
1988.0 13608.0 188.0 88.0 the
2280.0 13604.0 420.0 92.0 Bearer
2784.0 13576.0 320.0 92.0 baud:

368.0 13780.0 108.0 96.0 Ci
528.0 13804.0 268.0 92.0 pper
848.0 13800.0 128.0 64.0 on
1040.0 13768.0 180.0 92.0 the
1304.0 13788.0 192.0 68.0 Sou
1560.0 13760.0 100.0 112.0 h,
1724.0 13772.0 112.0 80.0 at
1892.0 13788.0 56.0 60.0 a
2000.0 13756.0 508.0 92.0 distance
2576.0 13752.0 124.0 92.0 of
2784.0 13736.0 312.0 84.0 tnete

368.0 13944.0 340.0 84.0 aljout
760.0 13956.0 208.0 60.0 one
1016.0 13924.0 536.0 88.0 thousand
1600.0 13924.0 260.0 80.0 feet.
1996.0 13908.0 216.0 92.0 The
2256.0 13908.0 456.0 92.0 balance
2860.0 13880.0 132.0 88.0 nd
3040.0 13912.0 56.0 56.0 a

368.0 14096.0 112.0 80.0 of
580.0 14084.0 220.0 88.0 this
900.0 14092.0 512.0 96.0 property
1476.0 14068.0 36.0 88.0 i
1664.0 14072.0 348.0 84.0 under
2116.0 14060.0 268.0 92.0 bond
2476.0 14060.0 208.0 92.0 and
2792.0 14044.0 312.0 96.0 Portn

364.0 14244.0 292.0 88.0 lease
728.0 14252.0 112.0 72.0 to
920.0 14224.0 452.0 96.0 William
1436.0 14220.0 392.0 92.0 Vivian
1884.0 14216.0 244.0 88.0 who
2204.0 14212.0 196.0 92.0 has
2464.0 14208.0 232.0 120.0 just
2788.0 14192.0 232.0 104.0 yet.
3084.0 14184.0 20.0 88.0 1

368.0 14416.0 240.0 68.0 now
712.0 14400.0 388.0 96.0 gotten
1156.0 14384.0 192.0 84.0 out
1412.0 14372.0 476.0 88.0 another
1956.0 14368.0 560.0 112.0 shipment
2576.0 14360.0 116.0 92.0 of

360.0 14544.0 336.0 88.0 sliver
740.0 14536.0 240.0 92.0 lead
1032.0 14556.0 212.0 68.0 ore.

488.0 14728.0 232.0 92.0 The
820.0 14720.0 416.0 88.0 Beaver
1336.0 14704.0 412.0 120.0 Copper
1844.0 14700.0 192.0 96.0 has
2116.0 14696.0 564.0 96.0 intstalleri

368.0 14908.0 100.0 64.0 m
512.0 14880.0 480.0 104.0 ichinery
1060.0 14864.0 200.0 92.0 and
1316.0 14864.0 88.0 88.0 is
1456.0 14876.0 316.0 72.0 down
1856.0 14860.0 336.0 88.0 about
2240.0 14864.0 444.0 104.0 seventy

368.0 15036.0 236.0 80.0 feet
656.0 15024.0 200.0 92.0 and
916.0 15048.0 112.0 64.0 so
1084.0 15016.0 204.0 104.0 far,
1324.0 15012.0 188.0 92.0 has
1572.0 15012.0 260.0 88.0 been
1888.0 15008.0 280.0 88.0 sunk
2224.0 15000.0 460.0 116.0 through
2908.0 15004.0 196.0 92.0 Thi

368.0 15180.0 256.0 92.0 hli
684.0 15168.0 336.0 124.0 grade
1120.0 15192.0 404.0 88.0 copper
1612.0 15188.0 184.0 64.0 ore
1896.0 15160.0 148.0 88.0 all
2144.0 15160.0 184.0 88.0 the
2428.0 15180.0 268.0 88.0 waj,
2800.0 15180.0 288.0 68.0 meet

372.0 15336.0 484.0 104.0 showing
928.0 15324.0 336.0 88.0 about
1312.0 15324.0 52.0 84.0 5
1416.0 15340.0 188.0 92.0 per
1660.0 15320.0 256.0 84.0 cent
1980.0 15332.0 448.0 92.0 copper;
2504.0 15312.0 184.0 84.0 the
2804.0 15316.0 296.0 88.0 week

372.0 15508.0 192.0 64.0 ore
660.0 15488.0 232.0 80.0 also
988.0 15468.0 400.0 100.0 carries
1460.0 15496.0 60.0 64.0 a
1584.0 15464.0 264.0 116.0 high
1944.0 15464.0 336.0 88.0 silver
2328.0 15460.0 352.0 92.0 value.
2796.0 15492.0 272.0 88.0 prop

284.0 15724.0 28.0 8.0 .
368.0 15640.0 588.0 108.0 Prospects
1068.0 15652.0 292.0 64.0 seem
1468.0 15648.0 256.0 88.0 veiy
1836.0 15612.0 364.0 116.0 bright
2296.0 15612.0 104.0 92.0 in
2512.0 15612.0 176.0 92.0 the
2804.0 15628.0 300.0 80.0 meet:

368.0 15792.0 428.0 92.0 Beaver
844.0 15776.0 288.0 96.0 Lake
1172.0 15772.0 400.0 116.0 region,
1640.0 15780.0 160.0 84.0 for
1852.0 15768.0 572.0 92.0 continued
2484.0 15792.0 200.0 64.0 ano
2812.0 15764.0 292.0 96.0 Frida

372.0 15936.0 592.0 100.0 successful
1020.0 15924.0 508.0 116.0 activity.
1664.0 15924.0 324.0 112.0 Many
2064.0 15948.0 240.0 64.0 men
2360.0 15944.0 180.0 68.0 are
2584.0 15940.0 96.0 68.0 at
2804.0 15920.0 212.0 92.0 will

368.0 16096.0 304.0 88.0 work
728.0 16084.0 208.0 96.0 and
996.0 16104.0 504.0 96.0 progress
1552.0 16076.0 28.0 88.0 i
1688.0 16076.0 316.0 116.0 good.
2796.0 16088.0 264.0 76.0 next

3144.0 3528.0 736.0 272.0 BEAVER
3976.0 3520.0 784.0 272.0 COUNTY
4872.0 3504.0 600.0 280.0 LEADS

3152.0 4124.0 488.0 140.0 Annual
3736.0 4128.0 764.0 136.0 Assessment
4596.0 4108.0 476.0 172.0 Report

3532.0 4332.0 432.0 144.0 Shows
4080.0 4332.0 404.0 132.0 I40c
4600.0 4320.0 528.0 136.0 Incre.se

4068.0 4536.0 340.0 136.0 Over
4504.0 4532.0 564.0 136.0 Previous
5156.0 4520.0 332.0 144.0 Year

3264.0 4996.0 228.0 92.0 The
3588.0 4992.0 416.0 96.0 NEWS
4104.0 4992.0 92.0 88.0 is
4292.0 4976.0 472.0 100.0 enabled
4860.0 4992.0 116.0 80.0 to
5064.0 4976.0 256.0 116.0 give
5420.0 5004.0 60.0 60.0 a

3152.0 5168.0 544.0 96.0 summary
3796.0 5140.0 124.0 96.0 of
4016.0 5140.0 180.0 92.0 the
4300.0 5136.0 400.0 92.0 annual
4816.0 5140.0 672.0 84.0 assessment

3156.0 5312.0 376.0 108.0 report
3580.0 5288.0 368.0 140.0 ojkhe
4016.0 5292.0 424.0 108.0 County
4512.0 5288.0 556.0 104.0 Assessor,
5136.0 5276.0 344.0 96.0 which

3156.0 5452.0 356.0 92.0 shows
3568.0 5476.0 60.0 64.0 a
3684.0 5436.0 676.0 104.0 remarkable
4412.0 5432.0 604.0 96.0 condition.

3272.0 5596.0 144.0 96.0 Of
3492.0 5600.0 144.0 88.0 all
3724.0 5592.0 180.0 100.0 the
3988.0 5592.0 492.0 96.0 counties
4552.0 5584.0 572.0 116.0 reporting
5176.0 5604.0 140.0 92.0 up
5368.0 5588.0 116.0 84.0 to

3156.0 5756.0 220.0 88.0 this
3460.0 5748.0 304.0 108.0 time,
3860.0 5748.0 420.0 88.0 Beavrr
4348.0 5748.0 408.0 100.0 county
4848.0 5736.0 360.0 88.0 shows
5304.0 5736.0 180.0 88.0 the

3156.0 5912.0 496.0 108.0 greatest
3704.0 5908.0 672.0 104.0 percentage
4464.0 5896.0 112.0 84.0 of
4660.0 5888.0 492.0 92.0 increase
5232.0 5908.0 256.0 68.0 ever

3160.0 6060.0 184.0 88.0 the
3416.0 6076.0 264.0 92.0 year
3760.0 6052.0 268.0 100.0 1915,
4116.0 6036.0 464.0 124.0 flguiing
3160.0 6032.0 2320.0 264.0 one-hundred-and

3432.0 6204.0 280.0 112.0 fort)
3788.0 6224.0 188.0 88.0 per
4028.0 6204.0 284.0 84.0 eent.

3280.0 6356.0 600.0 108.0 Fallowing
4008.0 6348.0 84.0 92.0 is
4208.0 6372.0 56.0 64.0 a
4376.0 6368.0 568.0 88.0 summary
5060.0 6340.0 112.0 92.0 ot
5296.0 6340.0 188.0 88.0 the

3160.0 6500.0 624.0 100.0 valuations
3896.0 6524.0 112.0 64.0 as
4104.0 6500.0 332.0 112.0 given
4548.0 6492.0 112.0 92.0 in
4776.0 6496.0 192.0 88.0 the
5076.0 6496.0 404.0 108.0 report,

3156.0 6652.0 596.0 124.0 paralleled
3840.0 6648.0 256.0 92.0 with
4172.0 6648.0 224.0 92.0 like
4472.0 6640.0 400.0 120.0 figures
4940.0 6640.0 184.0 92.0 for
5212.0 6644.0 268.0 100.0 1916,

3160.0 6812.0 164.0 88.0 for
3376.0 6800.0 740.0 116.0 comparison.

3908.0 7024.0 20.0 28.0 ,
4532.0 6948.0 232.0 88.0 116
5132.0 6944.0 236.0 88.0 1915

3152.0 7116.0 340.0 88.0 Town
3548.0 7064.0 472.0 136.0 lots..!!'
4444.0 7096.0 400.0 112.0 371,270
4968.0 7092.0 56.0 116.0 $
5092.0 7096.0 396.0 96.0 121,0

3164.0 7264.0 316.0 88.0 Farm
3532.0 7260.0 552.0 92.0 lands....
4344.0 7248.0 504.0 116.0 1,254,950
5088.0 7244.0 404.0 112.0 419,895

3160.0 7412.0 468.0 112.0 Grazing
3704.0 7408.0 312.0 88.0 lands
4444.0 7400.0 340.0 112.0 121,07
5148.0 7404.0 336.0 100.0 32,17

3156.0 7568.0 344.0 88.0 Other
3556.0 7560.0 308.0 88.0 lauds
4500.0 7552.0 348.0 108.0 48,785
5148.0 7548.0 340.0 108.0 39,560

3164.0 7712.0 408.0 112.0 Mining
3624.0 7712.0 388.0 88.0 claims
4500.0 7700.0 344.0 112.0 61,625
5144.0 7700.0 344.0 108.0 51,446

3164.0 7868.0 860.0 112.0 Improvements
4448.0 7852.0 400.0 108.0 678,670
5088.0 7848.0 400.0 108.0 367,255

3160.0 8020.0 264.0 92.0 Live
3476.0 8016.0 308.0 92.0 stock
4220.0 8004.0 628.0 112.0 ..1,059,30
5088.0 8000.0 400.0 112.0 417,149

3156.0 8168.0 344.0 96.0 Other
3552.0 8160.0 508.0 124.0 personal

3516.0 8340.0 516.0 96.0 property
4436.0 8308.0 404.0 112.0 463,317
5084.0 8304.0 404.0 108.0 247,725

3388.0 8592.0 376.0 96.0 Totals
4312.0 8588.0 508.0 112.0 4,047,022
4924.0 8584.0 568.0 112.0 $1,686,506

3280.0 8788.0 328.0 84.0 Some
3660.0 8776.0 124.0 96.0 of
3860.0 8776.0 188.0 92.0 the
4132.0 8772.0 444.0 96.0 notable
4648.0 8768.0 608.0 96.0 individual
5308.0 8772.0 132.0 88.0 ad-

3164.0 8960.0 400.0 68.0 vances
3612.0 8932.0 112.0 88.0 in
3776.0 8928.0 564.0 92.0 valuation
4396.0 8952.0 188.0 64.0 are
4632.0 8952.0 116.0 64.0 as
4796.0 8920.0 480.0 96.0 follows:

3280.0 9084.0 320.0 96.0 Farm
3696.0 9080.0 352.0 112.0 lands,
4132.0 9084.0 176.0 88.0 200
4456.0 9108.0 24.0 80.0 ;
4584.0 9072.0 476.0 120.0 Grazing
5132.0 9072.0 352.0 112.0 lands,

3156.0 9240.0 348.0 108.0 2797o;
3612.0 9232.0 680.0 108.0 Livestock,
4376.0 9236.0 344.0 104.0 1549b;
4824.0 9228.0 332.0 92.0 Town
5228.0 9228.0 256.0 108.0 lots,

3160.0 9396.0 344.0 104.0 200?c;
3584.0 9412.0 480.0 84.0 average
4116.0 9408.0 264.0 68.0 over
4428.0 9388.0 188.0 104.0 all,
4676.0 9380.0 332.0 92.0 140.

3288.0 9540.0 188.0 92.0 We
3528.0 9552.0 264.0 80.0 note
3844.0 9544.0 252.0 88.0 that
4144.0 9536.0 192.0 92.0 the
4392.0 9540.0 244.0 88.0 bait
4684.0 9536.0 296.0 92.0 Lake
5024.0 9528.0 468.0 100.0 Tribune

3168.0 9700.0 104.0 84.0 in
3400.0 9696.0 564.0 112.0 reporting
4124.0 9692.0 188.0 88.0 the
4468.0 9684.0 432.0 96.0 Bearer
5064.0 9684.0 424.0 116.0 County

3164.0 9864.0 708.0 88.0 assessment,
3972.0 9844.0 404.0 112.0 figures
4472.0 9844.0 188.0 88.0 the
4772.0 9840.0 496.0 92.0 increase
5380.0 9864.0 116.0 64.0 at

3160.0 10004.0 336.0 104.0 240,
3596.0 9996.0 440.0 92.0 instead
4140.0 10000.0 116.0 84.0 of
4364.0 9996.0 328.0 104.0 140,
4816.0 9988.0 236.0 96.0 that
5164.0 10016.0 328.0 88.0 paper

3168.0 10172.0 416.0 88.0 uaving
3664.0 10148.0 556.0 112.0 evidently
4324.0 10148.0 420.0 108.0 figured
4840.0 10152.0 216.0 84.0 last
5132.0 10144.0 364.0 116.0 year's

3172.0 10308.0 276.0 92.0 total
3496.0 10312.0 448.0 104.0 agaiuit
4020.0 10300.0 212.0 96.0 this
4312.0 10300.0 368.0 116.0 year's
4760.0 10296.0 320.0 112.0 total,
5148.0 10296.0 340.0 92.0 which

3168.0 10460.0 308.0 108.0 gives
3544.0 10456.0 336.0 108.0 240,
3968.0 10452.0 432.0 92.0 instead
4480.0 10456.0 108.0 88.0 of
4684.0 10452.0 492.0 112.0 dividing
5280.0 10452.0 212.0 88.0 this

3168.0 10608.0 368.0 124.0 year's
3620.0 10636.0 496.0 68.0 increase
4208.0 10612.0 132.0 112.0 by
4400.0 10612.0 220.0 88.0 last
4684.0 10608.0 380.0 116.0 year's
5120.0 10604.0 368.0 108.0 totals,

3172.0 10768.0 344.0 92.0 which
3580.0 10768.0 380.0 92.0 makes
4012.0 10768.0 324.0 92.0 140.

2732.0 11108.0 8.0 28.0 i
2792.0 11108.0 268.0 36.0 ......
4308.0 11108.0 48.0 28.0 -
5532.0 11108.0 8.0 64.0 i

2780.0 11208.0 300.0 92.0 bear-

2732.0 11512.0 188.0 116.0 pth
2984.0 11516.0 104.0 84.0 o'
3324.0 11332.0 952.0 268.0 Successful
4548.0 11328.0 780.0 312.0 Shearing

2732.0 11664.0 360.0 96.0 values
3668.0 11704.0 36.0 28.0 -
3756.0 11684.0 24.0 68.0 1
3900.0 11736.0 12.0 24.0 ,
3992.0 11732.0 24.0 24.0 ,
4080.0 11700.0 44.0 36.0 "

2732.0 11848.0 44.0 64.0 r
2840.0 11832.0 240.0 76.0 cent
3156.0 11780.0 104.0 116.0 "it
3300.0 11768.0 20.0 136.0 1
3368.0 11780.0 352.0 108.0 you're
3776.0 11780.0 180.0 84.0 not
4008.0 11772.0 212.0 84.0 like
4276.0 11784.0 200.0 80.0 any
4528.0 11792.0 296.0 56.0 m..
4884.0 11812.0 64.0 24.0 -
5016.0 11820.0 116.0 56.0 v-
5176.0 11800.0 48.0 32.0 .

5200.0 12216.0 252.0 92.0 you.

2904.0 12364.0 232.0 88.0 The
3188.0 12364.0 592.0 120.0 sheepman
3836.0 12400.0 184.0 64.0 are
4072.0 12368.0 364.0 124.0 happy
4488.0 12376.0 460.0 96.0 because
5000.0 12396.0 112.0 80.0 of
5324.0 12440.0 200.0 92.0 wh

2792.0 12520.0 184.0 84.0 the
3032.0 12516.0 284.0 92.0 elosc
3368.0 12524.0 112.0 84.0 of
3536.0 12524.0 184.0 88.0 the
3764.0 12524.0 520.0 108.0 shearing
4320.0 12556.0 428.0 76.0 season.
4788.0 12536.0 324.0 92.0 Tues-

5200.0 12620.0 332.0 64.0 occur

2784.0 12668.0 216.0 112.0 day
3056.0 12668.0 316.0 112.0 night
3432.0 12676.0 384.0 112.0 seeing
3868.0 12676.0 184.0 92.0 the
4104.0 12676.0 220.0 96.0 last
4380.0 12688.0 68.0 36.0 "
4492.0 12692.0 500.0 88.0 muttons
5040.0 12688.0 64.0 40.0 "
5200.0 12744.0 60.0 96.0 j
5396.0 12740.0 84.0 92.0 L

2784.0 12820.0 332.0 88.0 shorn
3184.0 12816.0 120.0 96.0 of
3396.0 12820.0 292.0 96.0 their
3744.0 12828.0 392.0 92.0 winter
4228.0 12832.0 312.0 92.0 suits.
4676.0 12840.0 156.0 92.0 At
4920.0 12844.0 188.0 92.0 the
5200.0 12812.0 160.0 172.0 w'a

2792.0 12968.0 668.0 96.0 Miuersville
3516.0 13000.0 264.0 88.0 pens
3832.0 12980.0 316.0 92.0 there
4196.0 13012.0 276.0 64.0 were
4508.0 12984.0 244.0 120.0 fifty
4812.0 12988.0 252.0 96.0 thou
5204.0 13064.0 276.0 76.0 llow

2784.0 13124.0 264.0 88.0 sand
3144.0 13124.0 332.0 116.0 sheep
3564.0 13128.0 460.0 92.0 sheared
4096.0 13128.0 184.0 96.0 for
4376.0 13140.0 188.0 88.0 the
4676.0 13168.0 420.0 76.0 season.
5440.0 13200.0 28.0 44.0 ,

2896.0 13276.0 16.0 32.0 .
2972.0 13272.0 56.0 36.0 -,
3380.0 13208.0 92.0 100.0 Zt
4352.0 13284.0 20.0 24.0 .
5200.0 13224.0 340.0 68.0 connn

2792.0 13280.0 312.0 84.0 while
3180.0 13292.0 120.0 72.0 at
3384.0 13280.0 640.0 108.0 riewhouse,
4084.0 13312.0 200.0 64.0 one
4348.0 13284.0 488.0 100.0 hundred
4892.0 13300.0 208.0 88.0 and
5204.0 13352.0 160.0 88.0 Mr

2784.0 13428.0 428.0 88.0 sixteen
3312.0 13428.0 552.0 92.0 thousand
3964.0 13440.0 456.0 88.0 animals
4492.0 13468.0 280.0 64.0 were
4868.0 13448.0 240.0 92.0 thus
5200.0 13420.0 196.0 172.0 tQ'

2784.0 13576.0 520.0 92.0 haudled.
3440.0 13576.0 256.0 96.0 This
3756.0 13608.0 372.0 68.0 means
4184.0 13620.0 60.0 60.0 a
4276.0 13592.0 276.0 92.0 wool
4604.0 13596.0 296.0 104.0 yield
4948.0 13604.0 164.0 84.0 for
5252.0 13656.0 56.0 44.0 w

2792.0 13736.0 24.0 16.0 .
3460.0 13728.0 20.0 36.0 ,
3860.0 13736.0 20.0 28.0 ,
4604.0 13664.0 44.0 44.0 J
5208.0 13664.0 180.0 80.0 the
5464.0 13664.0 56.0 80.0 b

2784.0 13740.0 312.0 80.0 tnete
3136.0 13740.0 208.0 80.0 two
3384.0 13740.0 356.0 104.0 places
3792.0 13740.0 128.0 84.0 ali
3968.0 13760.0 160.0 88.0 ne,
4168.0 13740.0 116.0 92.0 of
4312.0 13768.0 256.0 64.0 over
4600.0 13772.0 60.0 64.0 a
4700.0 13748.0 404.0 92.0 million
5252.0 13836.0 64.0 60.0 (J
5408.0 13828.0 132.0 72.0 uu

2784.0 13880.0 208.0 88.0 and
3040.0 13912.0 56.0 56.0 a
3128.0 13884.0 228.0 88.0 half
3404.0 13880.0 444.0 116.0 pound.
3976.0 13884.0 468.0 120.0 Reports
4480.0 13900.0 276.0 88.0 from
4800.0 13904.0 316.0 88.0 other
5208.0 13964.0 332.0 84.0 beeftn

2792.0 14028.0 492.0 112.0 portions
3384.0 14040.0 112.0 84.0 of
3592.0 14044.0 184.0 84.0 the
3888.0 14068.0 392.0 92.0 county
4352.0 14040.0 280.0 100.0 have
4704.0 14064.0 216.0 100.0 not,
5000.0 14084.0 112.0 64.0 as
5204.0 14108.0 212.0 92.0 an(j

2788.0 14192.0 232.0 104.0 yet,
3084.0 14184.0 312.0 108.0 been,
3476.0 14192.0 548.0 92.0 received.
5208.0 14264.0 28.0 20.0 .

5208.0 14264.0 332.0 112.0 buggj

3924.0 14472.0 48.0 24.0 .
5208.0 14412.0 328.0 84.0 reach

3932.0 14500.0 40.0 56.0 s

3416.0 14712.0 216.0 172.0 W.
3760.0 14720.0 160.0 168.0 C.
4052.0 14716.0 156.0 172.0 T.
4336.0 14720.0 188.0 176.0 U.

2908.0 15004.0 220.0 92.0 The
3228.0 15004.0 152.0 104.0 W.
3480.0 15012.0 112.0 92.0 0.
3684.0 15020.0 120.0 88.0 T.
3864.0 15016.0 136.0 96.0 U.
4100.0 15020.0 252.0 92.0 held
4444.0 15020.0 144.0 96.0 its
4684.0 15032.0 436.0 108.0 regular

2800.0 15164.0 492.0 116.0 meeting
3356.0 15160.0 576.0 124.0 Thursday
4024.0 15168.0 584.0 100.0 afternoon
4700.0 15188.0 112.0 84.0 of
4896.0 15184.0 220.0 88.0 this

2804.0 15316.0 332.0 108.0 week,
3244.0 15312.0 104.0 92.0 in
3452.0 15320.0 188.0 88.0 the
3740.0 15320.0 136.0 92.0 M.
3964.0 15324.0 120.0 92.0 E.
4180.0 15328.0 464.0 92.0 Church.
4824.0 15332.0 112.0 92.0 It
5032.0 15336.0 84.0 88.0 is

2796.0 15460.0 536.0 120.0 proposed
3448.0 15476.0 112.0 84.0 to
3704.0 15468.0 576.0 100.0 hereafter
4412.0 15480.0 260.0 92.0 hold
4812.0 15484.0 304.0 92.0 these

2804.0 15616.0 536.0 120.0 meetings
3392.0 15644.0 140.0 64.0 on
3588.0 15620.0 664.0 120.0 Thursdays,
4312.0 15628.0 436.0 96.0 instead
4804.0 15636.0 128.0 92.0 of
4976.0 15664.0 136.0 68.0 on

2812.0 15764.0 480.0 100.0 Fridat.
3432.0 15772.0 400.0 92.0 Notice
3884.0 15780.0 112.0 88.0 of
4068.0 15784.0 184.0 84.0 the
4304.0 15792.0 264.0 84.0 next
4636.0 15784.0 484.0 116.0 meeting

2804.0 15920.0 212.0 92.0 will
3100.0 15948.0 408.0 92.0 appear
3580.0 15924.0 112.0 92.0 in
3772.0 15928.0 316.0 92.0 there
4156.0 15932.0 496.0 92.0 columns
4724.0 15940.0 112.0 92.0 of
4932.0 15944.0 184.0 88.0 the

2796.0 16088.0 264.0 76.0 next
3116.0 16076.0 316.0 92.0 issue.

680.0 16816.0 1400.0 432.0 BUSINESS
2384.0 16816.0 896.0 408.0 MEN'S
3576.0 16816.0 1264.0 432.0 MEETING

128.0 17364.0 56.0 92.0 t

380.0 17620.0 784.0 168.0 Professor
1284.0 17600.0 744.0 212.0 Roylance
2148.0 17596.0 816.0 172.0 Addresses

2256.0 17880.0 936.0 160.0 Association
3312.0 17936.0 184.0 104.0 on
3616.0 17868.0 828.0 220.0 Unirersity
4564.0 17884.0 560.0 208.0 Survey

796.0 18376.0 672.0 196.0 Building
1592.0 18368.0 156.0 164.0 of
1896.0 18356.0 1256.0 176.0 Milford-Malone
3272.0 18364.0 412.0 168.0 Road
3804.0 18364.0 904.0 176.0 Considered

512.0 18864.0 344.0 92.0 While
956.0 18860.0 188.0 88.0 the
1244.0 18848.0 348.0 96.0 called
1712.0 18844.0 492.0 112.0 meeting
2312.0 18844.0 116.0 96.0 of
2524.0 18844.0 192.0 92.0 the

388.0 19048.0 512.0 96.0 Business
960.0 19036.0 352.0 96.0 Men's
1416.0 19028.0 736.0 104.0 Association,
2228.0 19020.0 252.0 96.0 held
2572.0 19048.0 136.0 64.0 on

388.0 19232.0 464.0 108.0 Tuesday
888.0 19220.0 500.0 116.0 evening,
1444.0 19244.0 216.0 60.0 was
1700.0 19220.0 184.0 84.0 not
1920.0 19212.0 408.0 116.0 largely
2364.0 19216.0 308.0 84.0 atten-

384.0 19416.0 252.0 108.0 ded,
700.0 19420.0 196.0 108.0 yet
960.0 19408.0 92.0 92.0 it
1104.0 19432.0 224.0 68.0 was
1400.0 19428.0 136.0 64.0 an
1612.0 19396.0 624.0 112.0 important
2284.0 19396.0 392.0 92.0 confer-

388.0 19628.0 308.0 72.0 ence,
772.0 19584.0 792.0 100.0 nevertheless.

508.0 19776.0 568.0 96.0 professor
1116.0 19772.0 216.0 108.0 Roj
1368.0 19768.0 304.0 88.0 lance
1708.0 19764.0 108.0 88.0 of
1860.0 19760.0 180.0 92.0 the
2076.0 19756.0 632.0 116.0 University

388.0 19940.0 116.0 88.0 of
600.0 19928.0 292.0 96.0 Utah
960.0 19924.0 236.0 88.0 who
1296.0 19916.0 84.0 92.0 is
1480.0 19912.0 672.0 112.0 conducting
2248.0 19912.0 188.0 88.0 the
2536.0 19908.0 180.0 112.0 big

392.0 20088.0 416.0 100.0 Survey
876.0 20084.0 168.0 84.0 for
1144.0 20076.0 164.0 88.0 Iub
1404.0 20060.0 668.0 112.0 institution,
2136.0 20056.0 580.0 96.0 addretied
2756.0 20084.0 12.0 60.0 ;

392.0 20240.0 184.0 88.0 the
676.0 20228.0 536.0 92.0 members
1308.0 20228.0 120.0 84.0 at
1520.0 20216.0 404.0 112.0 length,
2028.0 20216.0 204.0 88.0 and
2332.0 20168.0 436.0 156.0 during'

388.0 20388.0 192.0 92.0 the
668.0 20408.0 376.0 64.0 course
1096.0 20380.0 104.0 88.0 of
1256.0 20372.0 168.0 92.0 his
1480.0 20368.0 488.0 92.0 remarks
2024.0 20360.0 688.0 120.0 emphasized
2756.0 20384.0 8.0 72.0 i

392.0 20540.0 196.0 88.0 the
688.0 20528.0 684.0 108.0 desirability
1484.0 20524.0 104.0 84.0 ol
1720.0 20512.0 472.0 116.0 sliikiiig
2284.0 20516.0 432.0 112.0 strielly

408.0 20700.0 108.0 80.0 to
580.0 20692.0 284.0 80.0 facts
972.0 20684.0 100.0 84.0 in
1160.0 20668.0 520.0 124.0 peparing
1776.0 20668.0 260.0 92.0 data
2088.0 20664.0 212.0 92.0 and
2352.0 20664.0 324.0 92.0 statis-

400.0 20836.0 248.0 104.0 tics,
712.0 20860.0 116.0 60.0 as
888.0 20832.0 236.0 88.0 well
1180.0 20856.0 116.0 60.0 as
1356.0 20816.0 680.0 116.0 "write-up"
2096.0 20832.0 416.0 76.0 matter
2564.0 20820.0 160.0 84.0 for

400.0 20992.0 184.0 88.0 the
644.0 21008.0 388.0 88.0 survey
1092.0 20984.0 404.0 108.0 report.
1684.0 20972.0 156.0 92.0 He
1900.0 20968.0 364.0 92.0 stated
2332.0 20972.0 248.0 84.0 that
2640.0 20964.0 64.0 92.0 ii

356.0 21136.0 976.0 88.0 -Cpvteution
1380.0 21132.0 108.0 84.0 of
1544.0 21124.0 436.0 92.0 himBelf
2036.0 21120.0 208.0 92.0 and
2292.0 21120.0 428.0 112.0 helpers

916.0 21296.0 484.0 84.0 Inexact
1512.0 21276.0 608.0 92.0 conditions
2232.0 21300.0 112.0 64.0 as
2464.0 21272.0 256.0 112.0 they

880.0 21440.0 384.0 88.0 "iithr
1380.0 21432.0 520.0 104.0 omitting
2004.0 21440.0 112.0 76.0 to
2200.0 21420.0 240.0 120.0 give
2524.0 21420.0 196.0 92.0 full

964.0 21608.0 68.0 72.0 'r
1128.0 21588.0 348.0 112.0 goiiiir
1620.0 21600.0 116.0 68.0 ut
1788.0 21592.0 100.0 76.0 ot
1984.0 21580.0 184.0 88.0 the
2272.0 21600.0 236.0 84.0 way
2612.0 21584.0 112.0 76.0 to

992.0 21760.0 228.0 72.0 iste
1280.0 21768.0 116.0 60.0 or
1444.0 21748.0 660.0 92.0 expgnorate
2152.0 21752.0 208.0 92.0 any
2400.0 21736.0 104.0 88.0 of
2540.0 21732.0 180.0 84.0 the

1056.0 21912.0 208.0 68.0 e;c.
1384.0 21892.0 108.0 84.0 of
1608.0 21884.0 208.0 92.0 this
1924.0 21880.0 436.0 96.0 section.
2496.0 21876.0 224.0 96.0 The

1040.0 22036.0 256.0 120.0 rfctd
1396.0 22036.0 180.0 92.0 the
1680.0 22036.0 496.0 88.0 business
2264.0 22060.0 244.0 64.0 men
2604.0 22032.0 120.0 88.0 of

1088.0 22200.0 52.0 80.0 h
1180.0 22216.0 172.0 64.0 ive
1400.0 22184.0 384.0 120.0 photos
1824.0 22188.0 372.0 92.0 taken,
2240.0 22180.0 484.0 116.0 showing

644.0 22344.0 652.0 96.0 ...tractions
1352.0 22344.0 104.0 84.0 ot
1524.0 22332.0 436.0 92.0 Miiford
2020.0 22336.0 208.0 88.0 and
2272.0 22332.0 448.0 116.0 vicinity

448.0 22476.0 176.0 116.0 Incl
688.0 22516.0 108.0 72.0 to
884.0 22524.0 428.0 84.0 prepaie
1368.0 22492.0 740.0 88.0 conservative
2168.0 22492.0 560.0 84.0 estimates

432.0 22656.0 208.0 100.0 aud,
700.0 22656.0 536.0 92.0 ruiisiici
1284.0 22648.0 96.0 100.0 A
1444.0 22644.0 172.0 96.0 the
1672.0 22636.0 524.0 104.0 fiuaucial
2252.0 22644.0 476.0 96.0 katuitu

2804.0 18844.0 112.0 88.0 of
3012.0 18844.0 188.0 92.0 the
3304.0 18844.0 452.0 120.0 Survey,
3876.0 18852.0 264.0 88.0 suoh
4260.0 18880.0 116.0 64.0 as
4488.0 18856.0 436.0 100.0 volume
5020.0 18872.0 112.0 84.0 of

2804.0 18992.0 528.0 112.0 business,
3440.0 18996.0 504.0 116.0 imports,
4052.0 19016.0 488.0 100.0 exports,
4640.0 19020.0 212.0 84.0 etc.
4984.0 19020.0 148.0 92.0 At

2804.0 19148.0 188.0 88.0 the
3076.0 19148.0 284.0 92.0 close
3436.0 19156.0 116.0 84.0 of
3608.0 19148.0 560.0 96.0 Professor
4240.0 19160.0 672.0 112.0 Roylance's
4964.0 19196.0 116.0 64.0 re-

2808.0 19300.0 372.0 88.0 marks
3248.0 19300.0 356.0 92.0 which
3676.0 19328.0 296.0 68.0 were
4064.0 19332.0 268.0 92.0 very
4432.0 19312.0 688.0 124.0 interesting,

2804.0 19452.0 192.0 88.0 the
3128.0 19452.0 696.0 96.0 Association
3960.0 19460.0 588.0 112.0 appointed
4676.0 19496.0 60.0 60.0 a
4848.0 19500.0 232.0 64.0 com-

2804.0 19604.0 384.0 92.0 mittee
3244.0 19604.0 596.0 116.0 consisting
3892.0 19608.0 120.0 92.0 of
4064.0 19612.0 424.0 116.0 George
4536.0 19616.0 584.0 112.0 Jefferson,

2816.0 19760.0 264.0 88.0 Wm.
3196.0 19756.0 512.0 92.0 Muuford
3812.0 19760.0 208.0 92.0 and
4108.0 19764.0 100.0 92.0 J.
4288.0 19768.0 120.0 92.0 O.
4520.0 19772.0 604.0 116.0 Mcintosh,

2812.0 19908.0 364.0 92.0 whose
3260.0 19908.0 272.0 116.0 duty
3636.0 19912.0 88.0 88.0 it
3808.0 19912.0 212.0 92.0 will
4092.0 19912.0 128.0 92.0 be
4292.0 19928.0 116.0 80.0 to
4476.0 19928.0 444.0 108.0 provide
4992.0 19960.0 132.0 60.0 an

2808.0 20076.0 296.0 96.0 auto,
3208.0 20064.0 368.0 88.0 driver
3672.0 20064.0 208.0 88.0 and
3988.0 20064.0 596.0 100.0 conductor
4676.0 20088.0 104.0 80.0 to
4836.0 20076.0 124.0 92.0 be
5016.0 20100.0 120.0 72.0 at

2808.0 20216.0 188.0 88.0 the
3088.0 20216.0 424.0 88.0 service
3592.0 20216.0 112.0 84.0 of
3784.0 20216.0 560.0 92.0 Professor
4400.0 20220.0 560.0 120.0 Roylance
5028.0 20236.0 100.0 88.0 in

2808.0 20368.0 164.0 88.0 his
3016.0 20368.0 312.0 88.0 visits
3388.0 20380.0 104.0 76.0 to
3548.0 20364.0 176.0 92.0 the
3784.0 20368.0 348.0 88.0 mines
4172.0 20368.0 204.0 92.0 and
4428.0 20380.0 316.0 88.0 other
4780.0 20380.0 352.0 116.0 points

2808.0 20524.0 108.0 84.0 of
2972.0 20520.0 500.0 104.0 interest,
3556.0 20516.0 212.0 92.0 and
3856.0 20528.0 112.0 80.0 to
4020.0 20520.0 328.0 96.0 assist
4396.0 20532.0 184.0 88.0 the
4636.0 20528.0 320.0 100.0 latter
5020.0 20540.0 104.0 92.0 in

2808.0 20700.0 212.0 84.0 any
3080.0 20692.0 236.0 92.0 way
3376.0 20672.0 260.0 112.0 they
3688.0 20696.0 236.0 64.0 can.

2932.0 20816.0 480.0 96.0 Another
3504.0 20844.0 268.0 88.0 very
3864.0 20824.0 596.0 112.0 important
4552.0 20852.0 392.0 76.0 matter
5036.0 20856.0 100.0 80.0 to

2808.0 21000.0 316.0 64.0 come
3180.0 20996.0 140.0 80.0 up
3372.0 20964.0 176.0 92.0 for
3600.0 20972.0 840.0 120.0 consideration,
4504.0 21012.0 580.0 68.0 waeacom-

2816.0 21116.0 660.0 96.0 munication
3540.0 21128.0 280.0 84.0 from
3872.0 21124.0 180.0 88.0 the
4112.0 21128.0 536.0 96.0 Farmers'
4704.0 21140.0 276.0 92.0 Club
5024.0 21152.0 116.0 84.0 of

2820.0 21276.0 460.0 104.0 Malone,
3352.0 21272.0 396.0 116.0 asking
3824.0 21276.0 168.0 88.0 for
4064.0 21288.0 732.0 108.0 co-operatiou
4856.0 21300.0 276.0 84.0 from

2812.0 21428.0 168.0 88.0 the
3052.0 21428.0 684.0 92.0 Association
3820.0 21432.0 168.0 84.0 for
4080.0 21428.0 176.0 92.0 the
4336.0 21432.0 472.0 124.0 building
4892.0 21444.0 120.0 92.0 of
5088.0 21476.0 56.0 64.0 a

2816.0 21580.0 256.0 88.0 road
3132.0 21584.0 280.0 84.0 from
3476.0 21580.0 432.0 88.0 Malone
3968.0 21588.0 36.0 80.0 t
4048.0 21608.0 24.0 52.0 i
4128.0 21580.0 464.0 100.0 Miiford.
4736.0 21596.0 260.0 92.0 This
5056.0 21600.0 84.0 92.0 is

2820.0 21728.0 540.0 116.0 certainly
3424.0 21760.0 56.0 60.0 a
3536.0 21756.0 320.0 64.0 move
3912.0 21728.0 96.0 92.0 in
4064.0 21728.0 176.0 96.0 the
4296.0 21740.0 288.0 104.0 right
4624.0 21744.0 512.0 96.0 direction

2824.0 21884.0 200.0 88.0 and
3076.0 21888.0 184.0 84.0 the
3320.0 21876.0 680.0 96.0 Association
4080.0 21888.0 252.0 92.0 took
4392.0 21896.0 236.0 92.0 that
4684.0 21900.0 272.0 88.0 view
5028.0 21900.0 116.0 92.0 of

2824.0 22036.0 184.0 92.0 the
3068.0 22048.0 388.0 80.0 matter
3500.0 22032.0 268.0 104.0 also,
3844.0 22028.0 180.0 96.0 for
4076.0 22064.0 56.0 60.0 a
4184.0 22044.0 660.0 112.0 committee,
4900.0 22076.0 200.0 68.0 con

2828.0 22180.0 388.0 120.0 sisting
3268.0 22188.0 112.0 88.0 of
3436.0 22184.0 128.0 92.0 H.
3628.0 22188.0 108.0 84.0 T.
3808.0 22184.0 412.0 112.0 Hanks,
4288.0 22192.0 424.0 116.0 George
4764.0 22196.0 344.0 96.0 Jeffer-

2832.0 22364.0 224.0 80.0 son,
3112.0 22336.0 84.0 88.0 I.
3264.0 22332.0 296.0 96.0 Cline
3612.0 22332.0 208.0 92.0 and
3880.0 22336.0 112.0 96.0 C.
4048.0 22336.0 116.0 92.0 E.
4212.0 22344.0 348.0 112.0 Cline,
4616.0 22360.0 112.0 80.0 to
4780.0 22356.0 376.0 88.0 confer

2836.0 22484.0 256.0 96.0 with
3232.0 22516.0 60.0 60.0 a
3420.0 22480.0 212.0 96.0 like
3760.0 22488.0 628.0 92.0 committee
4556.0 22504.0 276.0 88.0 from
4968.0 22504.0 188.0 92.0 the

2840.0 22640.0 496.0 104.0 Farmers
3396.0 22636.0 268.0 108.0 Club
3716.0 22636.0 108.0 104.0 ot
3872.0 22636.0 476.0 116.0 Mioti,

5760.0 3496.0 1536.0 656.0 Epitome
7592.0 3464.0 344.0 568.0 of
8208.0 3464.0 584.0 560.0 the
9096.0 3464.0 1032.0 560.0 ileus

6204.0 4232.0 536.0 172.0 HOME
6884.0 4208.0 1160.0 188.0 HAPPENINGS
8252.0 4204.0 808.0 172.0 TERSELY
9176.0 4204.0 484.0 168.0 TOLD

5692.0 4636.0 544.0 108.0 Attorney
6284.0 4628.0 260.0 92.0 Sam
6584.0 4620.0 296.0 100.0 Cline
6916.0 4624.0 292.0 84.0 went
7248.0 4620.0 112.0 84.0 to
7400.0 4608.0 500.0 92.0 Fillmore

5576.0 4780.0 728.0 112.0 Wednesday,
6408.0 4776.0 360.0 92.0 where
6856.0 4772.0 144.0 88.0 he
7092.0 4760.0 216.0 96.0 will
7404.0 4764.0 500.0 88.0 transact

5572.0 4932.0 280.0 116.0 legal
5912.0 4932.0 536.0 88.0 business.

5696.0 5180.0 156.0 92.0 W.
5964.0 5176.0 136.0 96.0 D.
6220.0 5172.0 456.0 112.0 Kimzey
6792.0 5160.0 208.0 96.0 and
7100.0 5156.0 204.0 96.0 Mr.
7380.0 5148.0 324.0 96.0 Soule
7788.0 5152.0 112.0 84.0 of

5584.0 5324.0 664.0 120.0 Rockyford,
6348.0 5320.0 560.0 108.0 Colorado,
7000.0 5336.0 284.0 68.0 were
7388.0 5300.0 508.0 96.0 welcome

5572.0 5480.0 396.0 96.0 sailers
6016.0 5492.0 120.0 80.0 at
6208.0 5476.0 188.0 92.0 the
6448.0 5472.0 416.0 96.0 NEWS
6916.0 5464.0 300.0 92.0 offlte
7272.0 5460.0 220.0 88.0 this
7548.0 5444.0 348.0 100.0 week:

5576.0 5636.0 184.0 88.0 the
5812.0 5628.0 620.0 116.0 gentlemen
6512.0 5648.0 184.0 68.0 are
6776.0 5620.0 260.0 88.0 here
7100.0 5600.0 800.0 116.0 investigating;

5576.0 5780.0 176.0 96.0 the
5836.0 5780.0 716.0 120.0 possibilities
6632.0 5776.0 104.0 88.0 of
6820.0 5792.0 200.0 68.0 our
7092.0 5764.0 360.0 108.0 valley
7504.0 5752.0 216.0 96.0 and
7788.0 5756.0 112.0 84.0 of

5572.0 5932.0 196.0 116.0 dry
5824.0 5928.0 484.0 116.0 farming
6352.0 5928.0 116.0 92.0 in
6536.0 5916.0 640.0 124.0 particular.

5688.0 6172.0 228.0 96.0 The
5968.0 6168.0 444.0 112.0 coming
6464.0 6160.0 436.0 116.0 Sunday
6956.0 6156.0 212.0 96.0 will
7212.0 6156.0 128.0 88.0 be
7380.0 6140.0 520.0 104.0 observed

5580.0 6324.0 652.0 92.0 "Mothers"
6296.0 6324.0 232.0 108.0 Day
6588.0 6316.0 108.0 92.0 in
6760.0 6312.0 180.0 96.0 the
6992.0 6308.0 288.0 92.0 local
7316.0 6296.0 568.0 100.0 churches.

5576.0 6476.0 436.0 116.0 Special
6064.0 6496.0 572.0 92.0 programs
6692.0 6464.0 216.0 92.0 will
6964.0 6464.0 124.0 88.0 be
7144.0 6452.0 572.0 100.0 rendered.

5692.0 6748.0 124.0 96.0 E.
5880.0 6748.0 124.0 92.0 B.
6060.0 6744.0 620.0 116.0 Jorgensen
6724.0 6728.0 640.0 104.0 transacted
7404.0 6724.0 500.0 96.0 business

5580.0 6904.0 104.0 92.0 in
5740.0 6904.0 424.0 88.0 Beaver
6212.0 6924.0 132.0 64.0 on
6396.0 6892.0 540.0 112.0 Tuesday.

5692.0 7148.0 112.0 92.0 P.
5872.0 7144.0 164.0 92.0 W.
6088.0 7140.0 352.0 92.0 Duffin
6488.0 7140.0 196.0 84.0 has
6740.0 7128.0 412.0 116.0 caught
7192.0 7128.0 180.0 92.0 the
7412.0 7120.0 492.0 116.0 building

5580.0 7304.0 308.0 84.0 fever
5940.0 7292.0 212.0 100.0 and
6204.0 7296.0 92.0 88.0 i9
6348.0 7284.0 484.0 116.0 erecting
6888.0 7312.0 60.0 60.0 a
7024.0 7276.0 304.0 96.0 brick
7396.0 7272.0 508.0 116.0 dwelling

5576.0 7476.0 140.0 64.0 on
5772.0 7448.0 168.0 92.0 his
5996.0 7448.0 152.0 88.0 lot
6204.0 7468.0 140.0 64.0 on
6400.0 7464.0 344.0 92.0 upper
6800.0 7432.0 292.0 92.0 Main
7148.0 7432.0 400.0 92.0 Street.

5700.0 7700.0 380.0 108.0 Mayor
6164.0 7688.0 124.0 96.0 R.
6372.0 7688.0 132.0 92.0 H.
6576.0 7676.0 624.0 100.0 Pitohforth
7304.0 7676.0 324.0 112.0 spent
7716.0 7668.0 188.0 92.0 the

5584.0 7856.0 228.0 84.0 fore
5904.0 7852.0 256.0 112.0 part
6232.0 7836.0 124.0 96.0 of
6448.0 7836.0 180.0 92.0 the
6680.0 7832.0 308.0 92.0 week
7076.0 7836.0 100.0 84.0 in
7280.0 7824.0 240.0 96.0 Salt
7616.0 7820.0 288.0 92.0 Lake

5580.0 7996.0 280.0 116.0 City.

5692.0 8240.0 352.0 96.0 There
6128.0 8240.0 88.0 88.0 is
6300.0 8232.0 532.0 116.0 rejoicing
6896.0 8224.0 104.0 96.0 in
7060.0 8220.0 184.0 96.0 the
7296.0 8216.0 604.0 96.0 household

5576.0 8400.0 112.0 88.0 of
5736.0 8392.0 448.0 96.0 Charles
6232.0 8384.0 492.0 96.0 Johnson
6780.0 8404.0 264.0 68.0 over
7092.0 8376.0 184.0 92.0 the
7348.0 8372.0 404.0 92.0 advent
7800.0 8376.0 104.0 84.0 of

5580.0 8580.0 56.0 60.0 a
5688.0 8548.0 284.0 112.0 baby
6036.0 8544.0 208.0 112.0 boy
6320.0 8532.0 352.0 96.0 which
6760.0 8524.0 424.0 100.0 arrive!
7268.0 8556.0 132.0 64.0 on
7464.0 8524.0 188.0 92.0 the
7716.0 8524.0 180.0 92.0 5th

5584.0 8704.0 456.0 88.0 instant.

5700.0 8944.0 440.0 92.0 Messrs.
6200.0 8936.0 484.0 96.0 Herbert
6760.0 8924.0 452.0 100.0 Niohols
7284.0 8920.0 204.0 96.0 and
7576.0 8920.0 128.0 92.0 A.
7772.0 8920.0 120.0 92.0 R.

5580.0 9096.0 208.0 96.0 and
5848.0 9096.0 388.0 116.0 Myron
6296.0 9088.0 348.0 96.0 Lewis
6692.0 9092.0 300.0 84.0 went
7040.0 9076.0 136.0 120.0 by
7232.0 9088.0 256.0 80.0 auto
7544.0 9084.0 116.0 80.0 to
7728.0 9072.0 124.0 92.0 In-

5580.0 9248.0 252.0 92.0 dian
5924.0 9244.0 340.0 104.0 Peak,
6320.0 9264.0 132.0 64.0 on
6548.0 9228.0 532.0 120.0 Tuesday,
7160.0 9244.0 112.0 76.0 to
7340.0 9228.0 436.0 112.0 inspect
7844.0 9252.0 60.0 64.0 a

5588.0 9396.0 408.0 116.0 mining
6044.0 9400.0 512.0 112.0 prospect
6608.0 9384.0 332.0 96.0 there.

5696.0 9636.0 456.0 100.0 Charles
6268.0 9628.0 428.0 96.0 Malouf
6804.0 9628.0 528.0 92.0 returned
7452.0 9620.0 372.0 92.0 6unda

5584.0 9788.0 340.0 120.0 night,
5992.0 9784.0 300.0 96.0 after
6384.0 9812.0 64.0 64.0 a
6516.0 9784.0 516.0 120.0 pleasant
7084.0 9772.0 256.0 96.0 visit
7388.0 9780.0 108.0 88.0 of
7596.0 9772.0 300.0 92.0 three

5584.0 9952.0 360.0 88.0 weeks
6016.0 9940.0 264.0 92.0 with
6336.0 9932.0 420.0 96.0 friends
6808.0 9932.0 104.0 92.0 in
6968.0 9940.0 156.0 84.0 St.
7184.0 9928.0 452.0 108.0 George,
7676.0 9924.0 228.0 92.0 also

5584.0 10096.0 576.0 112.0 attending
6212.0 10088.0 180.0 96.0 the
6428.0 10088.0 180.0 112.0 big
6648.0 10076.0 892.0 100.0 interscholastic
7584.0 10080.0 312.0 88.0 track

5580.0 10260.0 292.0 84.0 meet
5924.0 10248.0 324.0 92.0 while
6308.0 10244.0 344.0 88.0 there.

5696.0 10468.0 232.0 92.0 The
5976.0 10456.0 408.0 104.0 NEWS
6440.0 10456.0 84.0 92.0 is
6576.0 10456.0 488.0 92.0 desirous
7108.0 10456.0 116.0 88.0 of
7288.0 10444.0 612.0 124.0 publishing

5588.0 10624.0 212.0 88.0 live
5884.0 10612.0 220.0 96.0 and,
6176.0 10608.0 564.0 96.0 authentic
6824.0 10608.0 420.0 104.0 mining
7296.0 10628.0 332.0 76.0 news,
7696.0 10600.0 200.0 88.0 and

5592.0 10792.0 192.0 72.0 lias
5872.0 10764.0 540.0 116.0 arranged
6516.0 10764.0 168.0 88.0 for
6776.0 10780.0 444.0 92.0 oorresp
7304.0 10772.0 388.0 72.0 nuents
7800.0 10744.0 96.0 92.0 in

5592.0 10924.0 424.0 92.0 various
6112.0 10920.0 432.0 100.0 raining
6640.0 10904.0 520.0 116.0 districts,
7228.0 10916.0 116.0 80.0 to
7420.0 10896.0 268.0 96.0 send
7788.0 10928.0 120.0 60.0 us

5588.0 11080.0 264.0 92.0 sueh
5912.0 11080.0 436.0 84.0 matter.
6488.0 11076.0 280.0 84.0 Such
6820.0 11084.0 328.0 68.0 items
7216.0 11076.0 204.0 76.0 will
7480.0 11076.0 124.0 72.0 be
7668.0 11076.0 192.0 68.0 wel-

5588.0 11256.0 304.0 68.0 come
5948.0 11240.0 120.0 76.0 at
6116.0 11220.0 132.0 96.0 all
6304.0 11224.0 364.0 88.0 times.

5712.0 11472.0 316.0 92.0 Have
6096.0 11492.0 216.0 92.0 you
6408.0 11452.0 452.0 100.0 noticed
6932.0 11456.0 188.0 92.0 the
7188.0 11456.0 444.0 92.0 column
7732.0 11452.0 132.0 88.0 de-

5592.0 11620.0 328.0 100.0 voted
5972.0 11616.0 660.0 112.0 exclusively
6684.0 11620.0 116.0 84.0 to
6852.0 11612.0 192.0 92.0 the
7092.0 11604.0 424.0 96.0 service
7572.0 11608.0 112.0 88.0 of
7732.0 11604.0 184.0 92.0 the

5596.0 11780.0 20.0 40.0 '
5684.0 11800.0 20.0 12.0 '
5788.0 11772.0 304.0 108.0 nv-lV
6164.0 11768.0 240.0 92.0 who
6472.0 11764.0 412.0 92.0 believe
6972.0 11760.0 112.0 92.0 in
7180.0 11752.0 740.0 116.0 advertising?

5596.0 11876.0 148.0 108.0 -i'
5792.0 11928.0 264.0 88.0 tnlet
6140.0 11924.0 112.0 84.0 at
6288.0 11912.0 8.0 8.0 '
6340.0 11920.0 212.0 84.0 tho'
6592.0 11912.0 692.0 96.0 .--,V""-ain
7360.0 11912.0 308.0 92.0 there
7752.0 11912.0 172.0 84.0 for

5564.0 12068.0 124.0 92.0 ps
5768.0 12048.0 316.0 88.0 there
6140.0 12060.0 88.0 76.0 is
6288.0 12076.0 80.0 56.0 is
6436.0 12044.0 444.0 100.0 .nrfimpt
7004.0 12052.0 380.0 72.0 untrue.

6940.0 12168.0 416.0 84.0 ""sialet
7396.0 12160.0 220.0 84.0 into
7684.0 12156.0 216.0 80.0 fui.

7380.0 12296.0 36.0 16.0 "
7492.0 12292.0 176.0 80.0 hef
7676.0 12308.0 180.0 68.0 ore
7968.0 12280.0 28.0 88.0 1

5324.0 12440.0 332.0 92.0 What
5704.0 12440.0 360.0 116.0 might
6124.0 12436.0 280.0 100.0 have
6476.0 12468.0 400.0 88.0 proven
6952.0 12476.0 64.0 64.0 a
7088.0 12448.0 432.0 124.0 fatality

5200.0 12592.0 528.0 92.0 occurred
5788.0 12592.0 212.0 92.0 last
6052.0 12592.0 480.0 116.0 Sunday,
6596.0 12612.0 112.0 76.0 at
6784.0 12600.0 188.0 88.0 the
7040.0 12608.0 324.0 84.0 ranch
7424.0 12612.0 104.0 84.0 of

5200.0 12744.0 96.0 96.0 J.
5396.0 12740.0 116.0 96.0 L.
5604.0 12740.0 540.0 112.0 MeGuire,
6248.0 12748.0 316.0 88.0 when
6652.0 12752.0 252.0 88.0 Mis.
7020.0 12752.0 508.0 96.0 McGuire

5200.0 12920.0 216.0 64.0 was
5480.0 12892.0 428.0 96.0 thrown
5996.0 12900.0 280.0 88.0 from
6356.0 12924.0 64.0 64.0 a
6504.0 12900.0 368.0 116.0 buggy
6944.0 12904.0 132.0 116.0 by
7128.0 12936.0 64.0 60.0 a
7240.0 12904.0 244.0 96.0 frac-

5204.0 13048.0 276.0 92.0 tious
5536.0 13044.0 316.0 96.0 horse
5908.0 13048.0 200.0 92.0 and
6168.0 13076.0 116.0 60.0 so
6344.0 13048.0 316.0 116.0 badly
6728.0 13052.0 428.0 96.0 bruised
7228.0 13084.0 116.0 64.0 as
7420.0 13088.0 108.0 60.0 to

5200.0 13200.0 420.0 92.0 confine
5676.0 13200.0 196.0 88.0 her
5924.0 13220.0 112.0 72.0 to
6084.0 13196.0 196.0 96.0 her
6344.0 13200.0 208.0 92.0 bed
6624.0 13200.0 168.0 96.0 for
6856.0 13232.0 296.0 64.0 some
7224.0 13208.0 292.0 92.0 time.

5204.0 13352.0 192.0 92.0 Mr.
5456.0 13352.0 212.0 92.0 and
5724.0 13348.0 248.0 96.0 Mrs.
6036.0 13348.0 512.0 96.0 McGuire
6600.0 13352.0 212.0 96.0 had
6860.0 13364.0 384.0 88.0 driven
7300.0 13364.0 228.0 92.0 into

5200.0 13504.0 188.0 88.0 the
5444.0 13504.0 352.0 88.0 corral
5848.0 13500.0 212.0 92.0 and
6132.0 13504.0 188.0 88.0 the
6392.0 13516.0 344.0 80.0 latter
6812.0 13508.0 556.0 96.0 remained
7424.0 13512.0 100.0 96.0 in

5208.0 13656.0 180.0 88.0 the
5464.0 13656.0 360.0 112.0 buggy
5900.0 13656.0 312.0 88.0 while
6284.0 13652.0 196.0 92.0 her
6576.0 13656.0 504.0 96.0 hui-bund
7180.0 13664.0 344.0 116.0 began

5204.0 13832.0 112.0 64.0 to
5412.0 13808.0 456.0 92.0 unhitch
5972.0 13804.0 184.0 92.0 the
6256.0 13804.0 352.0 92.0 horse.
6784.0 13808.0 228.0 92.0 The
7124.0 13820.0 408.0 92.0 animal

5208.0 13964.0 444.0 84.0 became
5708.0 13956.0 628.0 116.0 frightened
6400.0 13960.0 212.0 88.0 and
6676.0 13964.0 344.0 112.0 began
7076.0 13984.0 108.0 72.0 to
7232.0 13964.0 292.0 112.0 kirk,

5204.0 14108.0 212.0 92.0 and
5540.0 14132.0 264.0 68.0 soon
5916.0 14104.0 676.0 96.0 demolished
6700.0 14124.0 184.0 80.0 not
7000.0 14116.0 252.0 116.0 only
7360.0 14120.0 176.0 92.0 tbe

5208.0 14264.0 400.0 112.0 buggy,
5724.0 14256.0 196.0 96.0 but
6028.0 14264.0 672.0 112.0 everything
6804.0 14268.0 224.0 88.0 else
7156.0 14272.0 376.0 88.0 within

5208.0 14412.0 328.0 88.0 reach
5592.0 14416.0 116.0 84.0 of
5756.0 14432.0 144.0 68.0 Kb
5952.0 14412.0 336.0 88.0 heels.
6436.0 14416.0 252.0 88.0 Mrs.
6760.0 14412.0 504.0 100.0 McGuire
7320.0 14448.0 216.0 64.0 was

5208.0 14564.0 424.0 88.0 thrown
5688.0 14576.0 192.0 76.0 out
5928.0 14560.0 212.0 92.0 and
6192.0 14564.0 524.0 116.0 seriously
6776.0 14568.0 472.0 96.0 bruised.

5320.0 14804.0 308.0 100.0 Cline
5676.0 14800.0 208.0 100.0 and
5944.0 14808.0 344.0 116.0 Royer
6344.0 14836.0 284.0 64.0 were
6672.0 14812.0 520.0 120.0 handling
7244.0 14844.0 60.0 64.0 a
7360.0 14816.0 180.0 116.0 big

5212.0 14964.0 356.0 88.0 bunoh
5672.0 14968.0 112.0 80.0 of
5892.0 14956.0 712.0 120.0 "dry-larm"
6684.0 14984.0 564.0 96.0 prospects
7332.0 14968.0 208.0 92.0 this

5212.0 15116.0 332.0 88.0 week.
5676.0 15116.0 88.0 88.0 A
5860.0 15112.0 308.0 116.0 large
6264.0 15128.0 268.0 76.0 auto
6628.0 15116.0 248.0 92.0 load
6968.0 15120.0 576.0 92.0 examined

5212.0 15268.0 184.0 88.0 the
5492.0 15264.0 524.0 116.0 territory
6116.0 15272.0 116.0 84.0 to
6328.0 15268.0 188.0 88.0 the
6612.0 15268.0 324.0 88.0 north
7036.0 15268.0 204.0 92.0 and
7308.0 15292.0 232.0 68.0 east

5208.0 15444.0 140.0 60.0 on
5408.0 15416.0 720.0 112.0 Wednesday.

5320.0 15656.0 220.0 96.0 The
5596.0 15660.0 356.0 92.0 lastof
6012.0 15660.0 184.0 88.0 the
6248.0 15656.0 484.0 120.0 Lyceum
6776.0 15688.0 372.0 64.0 course
7184.0 15676.0 320.0 80.0 enter-

5212.0 15812.0 600.0 92.0 tainments
5872.0 15808.0 212.0 92.0 will
6176.0 15808.0 128.0 92.0 be
6384.0 15808.0 320.0 116.0 given
6800.0 15808.0 108.0 92.0 in
7012.0 15816.0 184.0 88.0 the
7252.0 15812.0 288.0 120.0 High

5208.0 15960.0 396.0 96.0 School
5716.0 15956.0 704.0 112.0 auditorium,
6560.0 15964.0 400.0 116.0 Friday
7076.0 15968.0 472.0 112.0 evening

5212.0 16116.0 248.0 112.0 May
5528.0 16112.0 280.0 112.0 19th;
5864.0 16140.0 212.0 64.0 one
6128.0 16116.0 116.0 88.0 of
6328.0 16116.0 188.0 88.0 the
6604.0 16116.0 660.0 92.0 attractions
7336.0 16116.0 208.0 92.0 will

5208.0 16268.0 132.0 88.0 be
5452.0 16264.0 260.0 92.0 Miss
5828.0 16264.0 368.0 92.0 Lucile
6356.0 16264.0 528.0 116.0 Rodgers,
7000.0 16268.0 548.0 92.0 dramatic

5208.0 16416.0 420.0 112.0 reader,
5736.0 16416.0 216.0 92.0 late
6044.0 16412.0 120.0 92.0 of
6260.0 16412.0 456.0 96.0 Wilkes'
6824.0 16416.0 340.0 96.0 Stock
7236.0 16424.0 360.0 92.0 Com-i

5208.0 16596.0 328.0 88.0 pany.
5728.0 16572.0 252.0 88.0 This
6140.0 16572.0 460.0 88.0 number
6764.0 16596.0 528.0 84.0 promises
7432.0 16592.0 116.0 72.0 to

5208.0 16716.0 512.0 120.0 worthily
5764.0 16716.0 344.0 96.0 round
6168.0 16728.0 196.0 84.0 out
6396.0 16720.0 184.0 88.0 the
6636.0 16720.0 204.0 92.0 trio
6876.0 16724.0 112.0 88.0 of
7044.0 16724.0 504.0 116.0 splendid

5212.0 16876.0 920.0 88.0 entertainments
6188.0 16876.0 104.0 88.0 of
6368.0 16872.0 220.0 92.0 this
6640.0 16896.0 384.0 68.0 course

5332.0 17112.0 160.0 96.0 Ed
5652.0 17116.0 384.0 116.0 Appel,
6176.0 17116.0 188.0 92.0 the
6512.0 17116.0 452.0 120.0 popular
7040.0 17116.0 520.0 92.0 bachelor

5212.0 17272.0 112.0 88.0 of
5420.0 17264.0 412.0 96.0 Golden
5936.0 17268.0 280.0 92.0 Rule
6276.0 17272.0 324.0 108.0 fame,
6652.0 17272.0 192.0 88.0 has
6900.0 17272.0 332.0 88.0 taken
7284.0 17284.0 272.0 80.0 unto

5216.0 17416.0 444.0 96.0 himself
5716.0 17444.0 60.0 64.0 a
5824.0 17416.0 432.0 116.0 family,
6320.0 17420.0 416.0 116.0 having
6820.0 17420.0 512.0 116.0 adopted,
7396.0 17452.0 112.0 64.0 re-

5216.0 17572.0 408.0 112.0 cently,
5736.0 17576.0 244.0 88.0 four
6076.0 17572.0 292.0 92.0 little
6464.0 17568.0 504.0 120.0 orphans.
7108.0 17572.0 164.0 92.0 Ed
7372.0 17604.0 140.0 64.0 ex-

5216.0 17736.0 316.0 104.0 pects
5592.0 17720.0 168.0 92.0 his
5812.0 17748.0 240.0 64.0 new
6112.0 17720.0 384.0 116.0 family
6544.0 17740.0 108.0 76.0 to
6712.0 17720.0 128.0 96.0 do
6892.0 17724.0 216.0 92.0 him
7156.0 17728.0 396.0 108.0 credit,

5216.0 17872.0 92.0 96.0 if
5360.0 17876.0 268.0 112.0 they
5672.0 17872.0 132.0 92.0 do
5900.0 17880.0 196.0 84.0 not
6168.0 17900.0 392.0 88.0 escape
6628.0 17876.0 208.0 92.0 and
6940.0 17876.0 232.0 120.0 join
7272.0 17876.0 288.0 96.0 their

5216.0 18036.0 392.0 104.0 ooyote
5668.0 18024.0 420.0 92.0 friends
6144.0 18024.0 108.0 92.0 in
6312.0 18024.0 188.0 92.0 the
6560.0 18024.0 292.0 96.0 bills.

5340.0 18272.0 260.0 92.0 Last
5676.0 18268.0 440.0 116.0 Sunday
6188.0 18264.0 184.0 96.0 the
6424.0 18268.0 260.0 92.0 base
6744.0 18268.0 216.0 96.0 ball
7012.0 18280.0 360.0 84.0 teams
7440.0 18280.0 112.0 88.0 of

5220.0 18420.0 284.0 116.0 High
5628.0 18424.0 400.0 92.0 School
6144.0 18420.0 216.0 92.0 and
6512.0 18420.0 428.0 92.0 Miiford
7052.0 18428.0 496.0 108.0 regulars

5220.0 18572.0 388.0 120.0 played
5668.0 18600.0 60.0 64.0 a
5776.0 18576.0 380.0 88.0 rather
6200.0 18572.0 560.0 92.0 one-sided
6812.0 18600.0 312.0 84.0 game
7164.0 18588.0 116.0 80.0 at
7332.0 18576.0 212.0 92.0 Sau

5224.0 18728.0 344.0 92.0 Pedro
5652.0 18724.0 320.0 108.0 Park,
6064.0 18724.0 188.0 92.0 the
6348.0 18724.0 344.0 92.0 latter
6740.0 18728.0 476.0 112.0 winning
7292.0 18724.0 132.0 120.0 by
7492.0 18756.0 60.0 64.0 a

5220.0 18904.0 308.0 68.0 score
5580.0 18876.0 104.0 92.0 of
5752.0 18888.0 184.0 80.0 ten
6000.0 18884.0 116.0 84.0 to
6172.0 18900.0 232.0 68.0 one.
6604.0 18876.0 344.0 88.0 While
7004.0 18876.0 188.0 92.0 the
7260.0 18880.0 284.0 112.0 High

5224.0 19028.0 384.0 92.0 School
5668.0 19024.0 256.0 116.0 boys
6008.0 19052.0 184.0 64.0 are
6288.0 19020.0 656.0 96.0 cousiderab
6992.0 19052.0 64.0 88.0 y
7112.0 19036.0 440.0 84.0 smaller

5220.0 19180.0 216.0 92.0 and
5488.0 19180.0 416.0 112.0 lighter
5984.0 19176.0 256.0 96.0 than
6336.0 19180.0 188.0 88.0 the
6580.0 19180.0 536.0 88.0 members
7184.0 19184.0 108.0 88.0 of
7360.0 19184.0 188.0 88.0 the

5224.0 19328.0 440.0 100.0 Miiford
5776.0 19332.0 296.0 112.0 nine,
6224.0 19344.0 200.0 100.0 yet
6532.0 19332.0 264.0 116.0 they
6928.0 19348.0 200.0 96.0 put
7236.0 19360.0 144.0 92.0 up
7488.0 19364.0 56.0 60.0 a

5220.0 19484.0 400.0 116.0 plucky
5716.0 19484.0 288.0 104.0 fight
6096.0 19480.0 208.0 92.0 and
6404.0 19508.0 284.0 64.0 were
6784.0 19480.0 276.0 112.0 good
7160.0 19484.0 372.0 96.0 losers.

5220.0 19636.0 220.0 92.0 The
5532.0 19636.0 432.0 112.0 battery
6032.0 19636.0 164.0 88.0 for
6268.0 19636.0 192.0 88.0 the
6516.0 19632.0 380.0 92.0 Bchool
6972.0 19652.0 288.0 72.0 team
7328.0 19664.0 216.0 60.0 was

5228.0 19784.0 404.0 96.0 Wifred
5684.0 19784.0 520.0 92.0 Thiessen
6264.0 19780.0 204.0 92.0 and
6532.0 19780.0 212.0 92.0 Leo
6804.0 19780.0 376.0 112.0 White,
7224.0 19792.0 320.0 84.0 while

5212.0 19936.0 276.0 96.0 Jack
5588.0 19940.0 524.0 88.0 Theisaen
6248.0 19936.0 216.0 92.0 and
6584.0 19932.0 356.0 120.0 Harry
7060.0 19940.0 476.0 92.0 Harlzell

5216.0 20084.0 388.0 96.0 served
5668.0 20092.0 164.0 88.0 for
5884.0 20084.0 472.0 92.0 Miiford.

5340.0 20296.0 504.0 100.0 Leonard
5956.0 20300.0 352.0 92.0 Heard
6424.0 20300.0 196.0 88.0 has
6708.0 20300.0 232.0 120.0 just
7032.0 20304.0 516.0 88.0 returned

5224.0 20452.0 288.0 96.0 from
5592.0 20480.0 64.0 64.0 a
5736.0 20452.0 212.0 104.0 trip
6020.0 20464.0 112.0 80.0 to
6192.0 20448.0 156.0 96.0 St.
6412.0 20448.0 468.0 116.0 George,
6940.0 20452.0 608.0 116.0 Panguitch

5224.0 20604.0 208.0 96.0 and
5488.0 20608.0 564.0 88.0 Parowau.

5344.0 20848.0 100.0 96.0 J.
5552.0 20844.0 116.0 96.0 L.
5768.0 20844.0 328.0 112.0 Hurt,
6184.0 20848.0 528.0 112.0 formerly
6808.0 20852.0 112.0 84.0 of
7016.0 20844.0 180.0 92.0 the
7280.0 20844.0 276.0 92.0 local

5228.0 21000.0 504.0 116.0 laundry,
5828.0 21028.0 220.0 60.0 was
6144.0 20996.0 108.0 96.0 in
6352.0 20996.0 432.0 96.0 Millord
6888.0 21000.0 220.0 88.0 this
7204.0 21000.0 348.0 108.0 week,

5228.0 21172.0 460.0 72.0 enroute
5776.0 21152.0 276.0 88.0 from
6140.0 21156.0 188.0 88.0 the
6432.0 21152.0 272.0 92.0 East
6772.0 21172.0 112.0 68.0 to
6944.0 21152.0 188.0 92.0 the
7188.0 21148.0 364.0 96.0 Coast.

5348.0 21400.0 424.0 112.0 George
5860.0 21396.0 416.0 112.0 Searle,
6356.0 21396.0 248.0 92.0 who
6704.0 21424.0 228.0 64.0 was
7020.0 21392.0 360.0 96.0 forced
7452.0 21408.0 112.0 76.0 to

5232.0 21548.0 592.0 116.0 relinquish
5884.0 21548.0 168.0 92.0 his
6108.0 21544.0 460.0 120.0 position
6612.0 21576.0 116.0 60.0 as
6768.0 21560.0 408.0 80.0 master
7216.0 21548.0 300.0 88.0 mech-

5240.0 21696.0 232.0 96.0 anic
5580.0 21712.0 116.0 76.0 at
5784.0 21704.0 184.0 88.0 the
6052.0 21700.0 272.0 92.0 local
6416.0 21700.0 468.0 92.0 railroad
6964.0 21700.0 360.0 116.0 shops,
7388.0 21700.0 128.0 88.0 be-

5236.0 21880.0 324.0 64.0 cause
5656.0 21856.0 108.0 84.0 of
5848.0 21852.0 112.0 88.0 ill
6052.0 21852.0 424.0 112.0 health,
6544.0 21856.0 192.0 84.0 has
6828.0 21856.0 528.0 84.0 returned
7452.0 21868.0 108.0 72.0 to

5240.0 22004.0 164.0 88.0 his
5472.0 22000.0 364.0 92.0 duties
5908.0 22008.0 296.0 84.0 after
6272.0 22032.0 60.0 60.0 a
6388.0 22008.0 208.0 88.0 few
6652.0 22004.0 436.0 88.0 months
7164.0 22016.0 228.0 76.0 rest
7460.0 22004.0 104.0 84.0 in

5240.0 22152.0 640.0 96.0 Califoruia.

5364.0 22364.0 220.0 116.0 Roy
5692.0 22368.0 312.0 88.0 Mack
6112.0 22368.0 356.0 88.0 leaves
6528.0 22368.0 208.0 92.0 this
6796.0 22368.0 304.0 92.0 week
7172.0 22372.0 156.0 84.0 for
7384.0 22368.0 188.0 92.0 the

5248.0 22528.0 528.0 80.0 northern
5836.0 22536.0 244.0 96.0 part
6128.0 22524.0 112.0 84.0 of
6300.0 22524.0 180.0 84.0 the
6544.0 22528.0 352.0 100.0 State,
6960.0 22536.0 108.0 76.0 to
7132.0 22516.0 248.0 96.0 take
7436.0 22548.0 140.0 88.0 up

5188.0 22640.0 220.0 164.0 jbis
5460.0 22688.0 668.0 116.0 ytnaaueLt
6176.0 22668.0 600.0 112.0 tciiueuco.

8108.0 4596.0 264.0 96.0 Rev.
8488.0 4600.0 416.0 92.0 Allison
9020.0 4596.0 200.0 96.0 and
9328.0 4592.0 388.0 120.0 family
9836.0 4596.0 204.0 92.0 left
10144.0 4596.0 164.0 88.0 for

7992.0 4748.0 416.0 92.0 Beaver
8436.0 4744.0 504.0 120.0 Thurday
8960.0 4816.0 20.0 44.0 ,
9024.0 4756.0 120.0 84.0 to
9180.0 4744.0 424.0 96.0 remain
9640.0 4748.0 188.0 88.0 the
9860.0 4740.0 452.0 96.0 balance

7988.0 4892.0 120.0 96.0 of
8160.0 4900.0 184.0 92.0 the
8396.0 4900.0 344.0 92.0 week.

8108.0 5148.0 552.0 108.0 Attorney
8776.0 5140.0 432.0 116.0 Shirley
9320.0 5140.0 344.0 96.0 Atkln
9780.0 5136.0 528.0 96.0 attended

7988.0 5308.0 112.0 76.0 to
8156.0 5292.0 276.0 116.0 legal
8492.0 5288.0 492.0 96.0 business
9032.0 5288.0 108.0 96.0 in
9196.0 5292.0 428.0 96.0 Beaver
9668.0 5288.0 632.0 124.0 yesterday.

8108.0 5536.0 440.0 96.0 Miiford
8604.0 5532.0 336.0 120.0 grade
8992.0 5536.0 372.0 92.0 school
9412.0 5536.0 252.0 92.0 bold
9716.0 5532.0 288.0 96.0 tk-oir
10036.0 5532.0 232.0 96.0 clos-

7992.0 5692.0 176.0 104.0 ing
8248.0 5696.0 612.0 84.0 excercises
8960.0 5688.0 208.0 92.0 last
9256.0 5684.0 308.0 116.0 night
9616.0 5688.0 100.0 88.0 In
9768.0 5688.0 188.0 88.0 tbe
10012.0 5684.0 292.0 116.0 High

7992.0 5840.0 372.0 92.0 School
8420.0 5836.0 716.0 112.0 auditorium,,
9180.0 5836.0 180.0 96.0 the
9412.0 5852.0 332.0 84.0 event
9792.0 5836.0 520.0 116.0 ocouring

7992.0 6012.0 176.0 72.0 too
8220.0 5992.0 220.0 92.0 late
8492.0 5992.0 172.0 92.0 for
8724.0 5988.0 552.0 96.0 extended
9332.0 6016.0 292.0 92.0 press
9692.0 5992.0 352.0 88.0 notice
10100.0 5984.0 212.0 100.0 this

7992.0 6156.0 348.0 100.0 week;
8424.0 6144.0 188.0 92.0 the
8712.0 6140.0 444.0 116.0 Project
9244.0 6140.0 416.0 92.0 aehouls
9752.0 6164.0 188.0 68.0 are
10028.0 6136.0 240.0 96.0 cele-

7992.0 6296.0 432.0 112.0 brating
8476.0 6292.0 288.0 92.0 their
8808.0 6308.0 628.0 104.0 temporary
9492.0 6284.0 820.0 116.0 emancipation

7992.0 6444.0 284.0 92.0 from
8376.0 6444.0 368.0 92.0 school
8840.0 6440.0 224.0 100.0 this
9136.0 6448.0 612.0 104.0 afternoon,
9804.0 6436.0 212.0 96.0 fine
10084.0 6464.0 184.0 92.0 pro-

7992.0 6624.0 368.0 88.0 grams
8412.0 6596.0 420.0 116.0 having
8884.0 6596.0 276.0 92.0 been
9216.0 6592.0 568.0 120.0 prepared.

8108.0 6840.0 156.0 92.0 As
8360.0 6836.0 340.0 92.0 noted
8800.0 6836.0 656.0 92.0 elsewhere,
9488.0 6832.0 112.0 96.0 in
9696.0 6832.0 228.0 96.0 this
10032.0 6828.0 284.0 96.0 isiue

7996.0 6992.0 188.0 88.0 the
8232.0 6988.0 408.0 116.0 County
8704.0 6984.0 348.0 96.0 Board
9104.0 6992.0 112.0 84.0 of
9268.0 6984.0 764.0 120.0 Equalisation
10108.0 6980.0 212.0 96.0 will

7996.0 7148.0 296.0 84.0 meet
8388.0 7136.0 524.0 116.0 Monday,
9020.0 7140.0 192.0 88.0 the
9316.0 7136.0 240.0 92.0 16th
9656.0 7136.0 456.0 104.0 instant,
10208.0 7132.0 108.0 92.0 in

8008.0 7292.0 440.0 112.0 Beaver,
8500.0 7292.0 116.0 92.0 to
8652.0 7292.0 264.0 88.0 hear
8948.0 7316.0 208.0 88.0 any
9188.0 7284.0 660.0 120.0 complaints
9888.0 7288.0 432.0 112.0 against

8000.0 7440.0 176.0 92.0 the
8228.0 7448.0 676.0 88.0 assessment
8952.0 7444.0 112.0 84.0 of
9116.0 7448.0 400.0 108.0 county
9572.0 7452.0 556.0 104.0 property.

8116.0 7680.0 380.0 116.0 Myron
8596.0 7680.0 216.0 96.0 and
8868.0 7688.0 128.0 84.0 A.
9060.0 7680.0 128.0 92.0 R.
9244.0 7676.0 344.0 96.0 Lewis
9684.0 7676.0 632.0 96.0 transacted

8000.0 7836.0 484.0 92.0 business
8536.0 7836.0 104.0 92.0 in
8692.0 7840.0 184.0 88.0 the
8944.0 7848.0 396.0 100.0 county
9396.0 7840.0 240.0 84.0 seat
9708.0 7856.0 128.0 68.0 on
7992.0 7828.0 2280.0 276.0 Thursday.

7992.0 8420.0 428.0 168.0 Some
8504.0 8420.0 560.0 172.0 Recent
9148.0 8416.0 436.0 176.0 Hotel
9660.0 8412.0 656.0 176.0 ArriraU

8116.0 8696.0 148.0 88.0 At
8340.0 8692.0 184.0 92.0 the
8620.0 8684.0 492.0 100.0 Miiford:
9256.0 8692.0 320.0 92.0 From
9652.0 8688.0 244.0 92.0 Halt
9964.0 8680.0 344.0 120.0 Lake;

8000.0 8844.0 244.0 92.0 Mrs.
8356.0 8840.0 164.0 96.0 W.
8624.0 8840.0 124.0 100.0 Q.
8848.0 8840.0 392.0 116.0 White,
9364.0 8836.0 360.0 96.0 Frank
9828.0 8840.0 484.0 112.0 Clayton,

7988.0 8992.0 476.0 92.0 Thomas
8516.0 8988.0 448.0 116.0 Nelson,
9020.0 8992.0 476.0 92.0 Thomas
9548.0 8988.0 604.0 108.0 Redmond,
10212.0 8992.0 92.0 92.0 J.

8004.0 9156.0 120.0 84.0 A.
8216.0 9144.0 404.0 108.0 Koons,
8724.0 9140.0 380.0 100.0 Alfred
9180.0 9144.0 384.0 108.0 Lewis,
9656.0 9140.0 116.0 96.0 C.
9856.0 9140.0 452.0 108.0 Nelson,

7996.0 9300.0 100.0 92.0 S.
8164.0 9304.0 100.0 88.0 8.
8332.0 9296.0 452.0 108.0 ArenU,
8876.0 9300.0 132.0 92.0 D.
9092.0 9292.0 348.0 112.0 Hood,
9520.0 9292.0 100.0 96.0 1.
9692.0 9296.0 116.0 92.0 B.
9872.0 9288.0 440.0 120.0 Lyeart,

8004.0 9456.0 180.0 88.0 Dr.
8264.0 9444.0 104.0 100.0 J.
8464.0 9452.0 124.0 88.0 E.
8668.0 9444.0 484.0 120.0 Christy,
9240.0 9444.0 280.0 96.0 Fred
9588.0 9444.0 120.0 96.0 L.
9768.0 9440.0 544.0 112.0 Seherolt,

7992.0 9608.0 120.0 88.0 O.
8180.0 9600.0 108.0 96.0 P.
8384.0 9600.0 724.0 116.0 StephenBon,
9204.0 9600.0 112.0 96.0 F.
9416.0 9600.0 156.0 92.0 W.
9656.0 9596.0 448.0 112.0 Wilson,
10196.0 9596.0 116.0 88.0 F.

8000.0 9756.0 136.0 92.0 ,vl.
8232.0 9756.0 528.0 112.0 Bigelow;
8920.0 9748.0 468.0 112.0 Eureka,
9492.0 9752.0 104.0 96.0 J.
9700.0 9748.0 100.0 96.0 J.
9904.0 9748.0 408.0 108.0 Baker;

8000.0 9908.0 336.0 108.0 Reno,
8424.0 9912.0 132.0 84.0 11.
8652.0 9900.0 132.0 96.0 H.
8876.0 9900.0 380.0 112.0 (Hark;
9380.0 9900.0 220.0 96.0 San
9684.0 9900.0 624.0 108.0 Francisco,

7992.0 10056.0 112.0 96.0 C.
8164.0 10060.0 128.0 88.0 D.
8352.0 10060.0 432.0 104.0 tfogers,
8824.0 10056.0 188.0 92.0 Dr.
9084.0 10056.0 152.0 92.0 W.
9292.0 10056.0 140.0 92.0 M.
9476.0 10024.0 352.0 136.0 liirki
9888.0 10048.0 436.0 108.0 Seattle.

7996.0 10216.0 116.0 88.0 C.
8176.0 10216.0 120.0 84.0 E.
8376.0 10204.0 540.0 96.0 Barnard:
9008.0 10204.0 412.0 112.0 Ogdcn,
9504.0 10204.0 136.0 92.0 11.
9720.0 10208.0 132.0 88.0 A.
9928.0 10200.0 384.0 108.0 Olsen;

8008.0 10364.0 192.0 88.0 Los
8280.0 10368.0 512.0 108.0 Angeles,
8876.0 10360.0 132.0 92.0 G.
9084.0 10360.0 132.0 92.0 G.
9304.0 10368.0 524.0 96.0 btewar:;
9908.0 10348.0 404.0 120.0 Logan,

7992.0 10512.0 100.0 96.0 J.
8148.0 10512.0 112.0 96.0 C.
8324.0 10516.0 648.0 104.0 Hogens6n;
9048.0 10508.0 456.0 132.0 Beaver,,
9564.0 10512.0 256.0 88.0 Mrs.
9900.0 10504.0 380.0 96.0 Under-

8000.0 10672.0 340.0 104.0 wood,
8436.0 10668.0 96.0 92.0 J.
8620.0 10664.0 120.0 92.0 T.
8820.0 10660.0 664.0 116.0 Thompson,
9588.0 10660.0 172.0 104.0 K.,
9816.0 10656.0 88.0 96.0 H
10040.0 10660.0 240.0 88.0 Mur-

8008.0 10824.0 316.0 108.0 jock;
8408.0 10828.0 416.0 80.0 Beaver
8892.0 10816.0 336.0 112.0 Lake,
9304.0 10816.0 156.0 92.0 A.'
9488.0 10816.0 108.0 92.0 J.
9660.0 10804.0 596.0 100.0 McMullen
10296.0 10836.0 24.0 84.0 ;

8004.0 10976.0 384.0 104.0 Provo,
8480.0 10976.0 452.0 88.0 Charles
9024.0 10968.0 376.0 108.0 Jons,
9500.0 10964.0 104.0 96.0 J.
9696.0 10964.0 180.0 92.0 Ma
9960.0 10960.0 356.0 116.0 berry,

8012.0 11128.0 124.0 88.0 H.
8200.0 11124.0 348.0 112.0 Long;
8624.0 11120.0 344.0 112.0 Nada,
9028.0 11120.0 116.0 96.0 C.
9208.0 11116.0 132.0 96.0 H.
9408.0 11120.0 536.0 112.0 Mangelo,
10008.0 11112.0 128.0 92.0 A.
10196.0 11116.0 116.0 88.0 B.

8016.0 11276.0 652.0 112.0 Diuviddie;
8748.0 11272.0 508.0 112.0 Modvna,
9316.0 11272.0 256.0 92.0 Mrs.
9636.0 11272.0 112.0 92.0 C.
9812.0 11268.0 124.0 104.0 D,
9980.0 11268.0 348.0 96.0 Asher

8004.0 11428.0 208.0 96.0 and
8268.0 11428.0 340.0 112.0 bbv;
8688.0 11424.0 456.0 112.0 Maroni,
9208.0 11428.0 296.0 88.0 Reed
9576.0 11416.0 416.0 120.0 Bailey,
10056.0 11420.0 276.0 92.0 Ezra

8016.0 11584.0 420.0 112.0 Nicker,
8496.0 11584.0 116.0 92.0 C.
8680.0 11576.0 124.0 96.0 D.
8864.0 11576.0 492.0 112.0 Tidwell,
9420.0 11572.0 416.0 100.0 Walter
9884.0 11572.0 436.0 116.0 Hardy;

8016.0 11736.0 704.0 108.0 Minersville,
8864.0 11736.0 188.0 92.0 Sid
9196.0 11736.0 440.0 108.0 Carter;
9772.0 11728.0 544.0 116.0 Rexburg,

8016.0 11892.0 368.0 112.0 Idaho,
8492.0 11888.0 128.0 96.0 H.
8744.0 11888.0 440.0 108.0 Morris;
9320.0 11884.0 608.0 112.0 Gunnison,
10048.0 11884.0 280.0 92.0 Fred

8004.0 12044.0 648.0 116.0 Jorgensen;
8708.0 12044.0 220.0 92.0 San
8984.0 12044.0 384.0 112.0 Diego,
9400.0 12036.0 100.0 100.0 J.
9556.0 12036.0 120.0 96.0 D.
9720.0 12036.0 608.0 116.0 Mclntyre;

8024.0 12200.0 440.0 104.0 'nston,
8524.0 12196.0 100.0 92.0 J.
8692.0 12192.0 96.0 96.0 S.
7968.0 12184.0 1792.0 184.0 Strrssenc-.j-."-te

8156.0 12312.0 20.0 124.0 I
8236.0 12352.0 320.0 84.0 muc'n
8716.0 12352.0 276.0 68.0 ecter
9076.0 12320.0 484.0 128.0 showing
9640.0 12312.0 108.0 84.0 in
9808.0 12304.0 212.0 88.0 'the
10104.0 12308.0 236.0 80.0 way

7624.0 12500.0 132.0 92.0 M.
7828.0 12504.0 160.0 92.0 W.
8044.0 12528.0 616.0 96.0 Ahaorson;
8736.0 12512.0 560.0 116.0 Epbraim,
9340.0 12516.0 256.0 96.0 Mrs.
9644.0 12520.0 300.0 92.0 Rena

7620.0 12648.0 640.0 120.0 Sudtueeks;
8392.0 12664.0 360.0 92.0 Silver
8852.0 12660.0 284.0 120.0 City,
9240.0 12664.0 256.0 100.0 Mrs.
9600.0 12676.0 104.0 96.0 J.
9812.0 12676.0 120.0 92.0 B.

7620.0 12804.0 392.0 116.0 Quirk;
8124.0 12812.0 388.0 108.0 Baker.
8588.0 12816.0 328.0 112.0 Nov.,
9012.0 12820.0 108.0 92.0 F.
9184.0 12820.0 116.0 96.0 L.
9368.0 12824.0 564.0 120.0 Sellatom,

7644.0 12960.0 384.0 112.0 vliguel
8096.0 12960.0 576.0 120.0 Garralda;
8772.0 12968.0 360.0 96.0 Cedar
9204.0 12972.0 292.0 120.0 City,
9584.0 12980.0 120.0 96.0 E.
9792.0 12980.0 100.0 96.0 M

7620.0 13116.0 380.0 108.0 Carry.
8140.0 13128.0 148.0 80.0 At
8344.0 13116.0 176.0 92.0 the
8580.0 13116.0 380.0 100.0 Atkin:
9096.0 13128.0 324.0 92.0 From
9476.0 13132.0 456.0 104.0 Beaver,

7628.0 13260.0 104.0 96.0 F.
7820.0 13260.0 384.0 112.0 Green,
8280.0 13268.0 248.0 92.0 Mao
8600.0 13272.0 908.0 124.0 Fothermgham,
9612.0 13284.0 324.0 96.0 Ward

7624.0 13416.0 412.0 108.0 Morris,
8088.0 13416.0 444.0 120.0 Stanley
8584.0 13424.0 264.0 116.0 Cox,
8904.0 13428.0 104.0 100.0 J.
9068.0 13436.0 116.0 92.0 O.
9248.0 13436.0 388.0 116.0 Howd;
9708.0 13444.0 236.0 88.0 Salt

7632.0 13572.0 324.0 104.0 Lake,
8048.0 13576.0 116.0 88.0 F.
8256.0 13580.0 108.0 88.0 S.
8428.0 13584.0 560.0 112.0 Swenson,
9060.0 13584.0 284.0 100.0 John
9408.0 13588.0 528.0 116.0 Johnson,

7616.0 13720.0 104.0 92.0 J.
7808.0 13720.0 160.0 96.0 W.
8064.0 13720.0 492.0 124.0 Leavitt;
8656.0 13732.0 108.0 92.0 J.
8840.0 13736.0 144.0 96.0 M.
9068.0 13736.0 660.0 120.0 Jackebson,
9816.0 13748.0 116.0 92.0 F.

7636.0 13880.0 480.0 88.0 Leonard
8240.0 13884.0 928.0 100.0 (brother-in-law
9292.0 13892.0 132.0 96.0 of
9544.0 13896.0 396.0 96.0 Garret

7632.0 14028.0 388.0 92.0 Wilkin
8124.0 14036.0 116.0 88.0 of
8336.0 14032.0 220.0 96.0 thi9
8656.0 14040.0 404.0 116.0 place),
9160.0 14048.0 260.0 92.0 Mrs.
9512.0 14048.0 432.0 96.0 Martha

7624.0 14180.0 380.0 92.0 Cullen
8064.0 14188.0 692.0 104.0 (prominent
8828.0 14192.0 428.0 120.0 society
9340.0 14224.0 424.0 68.0 woman
9840.0 14208.0 104.0 84.0 of

7624.0 14332.0 348.0 112.0 Zion),
8016.0 14336.0 256.0 92.0 Mrs.
8312.0 14336.0 104.0 96.0 C,
8480.0 14344.0 628.0 120.0 W.Young,
9152.0 14352.0 116.0 92.0 C.
9316.0 14352.0 140.0 92.0 H.
9504.0 14348.0 440.0 120.0 Frantz;

7636.0 14488.0 192.0 92.0 Los
7916.0 14496.0 516.0 112.0 Angeles,
8516.0 14492.0 128.0 96.0 D.
8724.0 14500.0 148.0 92.0 M.
8932.0 14500.0 296.0 116.0 Boyd
9304.0 14504.0 448.0 108.0 (broker
9796.0 14508.0 104.0 96.0 in-

7628.0 14640.0 488.0 96.0 terested
8228.0 14644.0 104.0 92.0 in
8452.0 14648.0 288.0 92.0 local
8848.0 14652.0 460.0 116.0 mines);
9444.0 14656.0 500.0 116.0 Modena,

7636.0 14792.0 320.0 120.0 Perry
8032.0 14792.0 120.0 96.0 B.
8208.0 14792.0 480.0 120.0 Record;
8792.0 14800.0 352.0 112.0 Nada,
9208.0 14808.0 128.0 92.0 A.
9396.0 14800.0 100.0 100.0 J.
9556.0 14808.0 388.0 112.0 Lewis,

7624.0 14944.0 96.0 92.0 J.
7796.0 14948.0 104.0 92.0 C.
7976.0 14952.0 564.0 108.0 Williams,
8604.0 14948.0 224.0 96.0 Bob
8884.0 14956.0 724.0 120.0 McChesney,
9672.0 14960.0 276.0 100.0 Zach

7636.0 15092.0 708.0 124.0 McChesney;
8420.0 15104.0 464.0 108.0 Panaca,
8952.0 15108.0 348.0 116.0 Ralph
9360.0 15112.0 588.0 116.0 Calloway;

7640.0 15252.0 372.0 108.0 Provo,
8068.0 15252.0 104.0 92.0 J.
8236.0 15252.0 120.0 92.0 E.
8420.0 15248.0 380.0 116.0 Yates,
8860.0 15260.0 128.0 92.0 R.
9040.0 15260.0 156.0 96.0 W.
9248.0 15264.0 456.0 116.0 Dotson,
9744.0 15268.0 216.0 112.0 Jr.;

7632.0 15400.0 388.0 116.0 Nephi,
8176.0 15400.0 124.0 96.0 R.
8452.0 15408.0 100.0 92.0 8.
8704.0 15408.0 396.0 92.0 Cowan
9156.0 15440.0 24.0 84.0 ;
9300.0 15412.0 116.0 96.0 E.
9572.0 15416.0 388.0 116.0 Foots;

7636.0 15556.0 580.0 108.0 Scheelite,
8336.0 15556.0 268.0 92.0 Nev.
8636.0 15628.0 20.0 40.0 ,
8788.0 15556.0 200.0 100.0 Mr.
9112.0 15560.0 216.0 96.0 and
9444.0 15564.0 256.0 96.0 Mrs.
9820.0 15572.0 132.0 92.0 D.

7636.0 15716.0 412.0 104.0 Stales;
8184.0 15708.0 644.0 112.0 Panguitch,
8968.0 15712.0 132.0 96.0 D.
9240.0 15712.0 132.0 100.0 H.
9496.0 15720.0 220.0 92.0 and
9832.0 15724.0 120.0 92.0 E.

7636.0 15864.0 428.0 108.0 Owens;
8216.0 15860.0 296.0 96.0 John
8644.0 15860.0 332.0 116.0 Dods,
9092.0 15864.0 104.0 96.0 J.
9320.0 15872.0 116.0 92.0 O.
9560.0 15872.0 400.0 116.0 Miller;

7648.0 16012.0 372.0 108.0 Manti,
8136.0 16008.0 100.0 96.0 J.
8372.0 16012.0 108.0 92.0 F.
8604.0 16012.0 436.0 116.0 Alfred;
9188.0 16016.0 528.0 116.0 Caliente,
9844.0 16024.0 108.0 96.0 L.

7628.0 16164.0 408.0 112.0 James;
8104.0 16160.0 444.0 116.0 Verual,
8596.0 16168.0 308.0 92.0 A.H.
8968.0 16168.0 544.0 96.0 Whitlock
9568.0 16176.0 396.0 100.0 (cattle

7640.0 16324.0 444.0 108.0 buyer);
8188.0 16316.0 536.0 112.0 Pomona,
8800.0 16316.0 116.0 96.0 E.
8984.0 16316.0 116.0 100.0 R.
9184.0 16324.0 364.0 116.0 Kavis;
9648.0 16324.0 276.0 96.0 Pasa-

7636.0 16468.0 316.0 104.0 dena,
8084.0 16468.0 380.0 116.0 Henry
8576.0 16468.0 624.0 116.0 Goeckncr;
9336.0 16472.0 624.0 120.0 Duchesne,

7636.0 16616.0 416.0 96.0 Walter
8104.0 16620.0 484.0 100.0 Daniels.

8776.0 16964.0 44.0 52.0 v

7652.0 17220.0 200.0 268.0 A
8060.0 17220.0 1060.0 340.0 Splendid

8192.0 17640.0 1780.0 288.0 Entertainment

7652.0 18296.0 428.0 140.0 Grade
8172.0 18296.0 508.0 144.0 Schools
8776.0 18300.0 492.0 180.0 Closing
9364.0 18300.0 616.0 148.0 Exercisei

8132.0 18544.0 136.0 136.0 A
8368.0 18540.0 556.0 144.0 Decided
9020.0 18544.0 512.0 140.0 Succcts

7768.0 19024.0 512.0 116.0 Thurday
8396.0 19024.0 472.0 108.0 evening
8984.0 19056.0 60.0 64.0 a
9156.0 19028.0 364.0 96.0 erowd
9632.0 19028.0 340.0 96.0 which

7656.0 19176.0 416.0 120.0 packed
8176.0 19180.0 196.0 92.0 tbe
8440.0 19180.0 308.0 112.0 large
8808.0 19180.0 288.0 120.0 High
9156.0 19180.0 388.0 96.0 School
9628.0 19184.0 316.0 92.0 audit-

7652.0 19332.0 348.0 92.0 orium
8104.0 19340.0 116.0 84.0 to
8320.0 19328.0 188.0 96.0 the
8608.0 19332.0 324.0 92.0 doors
9048.0 19332.0 476.0 120.0 enjoyed
9636.0 19360.0 340.0 96.0 every

7656.0 19492.0 472.0 84.0 moment
8176.0 19484.0 112.0 88.0 of
8340.0 19484.0 184.0 88.0 the
8580.0 19496.0 220.0 76.0 two
8852.0 19480.0 328.0 96.0 hours
9232.0 19484.0 588.0 96.0 consumed
9876.0 19484.0 104.0 96.0 in

7648.0 19640.0 448.0 108.0 staging
8192.0 19636.0 180.0 92.0 the
8472.0 19636.0 420.0 112.0 closing
8940.0 19636.0 584.0 112.0 .exercises
9604.0 19640.0 116.0 92.0 of
9788.0 19640.0 192.0 92.0 the

7664.0 19784.0 436.0 96.0 Miiford
8156.0 19780.0 328.0 120.0 grade
8536.0 19784.0 472.0 92.0 schools.

7772.0 19948.0 164.0 84.0 An
7988.0 19936.0 552.0 92.0 extended
8584.0 19940.0 472.0 88.0 account
9088.0 19940.0 116.0 88.0 of
9256.0 19932.0 176.0 96.0 the
9472.0 19964.0 504.0 92.0 program

7656.0 20092.0 324.0 112.0 being
8144.0 20084.0 620.0 116.0 impossible
8936.0 20088.0 104.0 88.0 in
9236.0 20088.0 220.0 88.0 this
9644.0 20088.0 328.0 116.0 issue,

7644.0 20240.0 376.0 92.0 suffice
8104.0 20240.0 88.0 92.0 it
8268.0 20248.0 112.0 80.0 to
8460.0 20264.0 196.0 88.0 say
8712.0 20240.0 252.0 88.0 that
9016.0 20236.0 184.0 92.0 the
9256.0 20232.0 328.0 100.0 affair
9632.0 20268.0 220.0 64.0 was
9920.0 20264.0 60.0 68.0 a

7648.0 20420.0 420.0 64.0 success
8112.0 20388.0 280.0 96.0 from
8440.0 20396.0 284.0 84.0 start
8760.0 20396.0 116.0 84.0 to
8932.0 20388.0 360.0 112.0 finish,
9332.0 20396.0 200.0 88.0 not
9568.0 20416.0 64.0 68.0 a
9664.0 20392.0 312.0 92.0 weak

7652.0 20548.0 420.0 88.0 feaiure
8168.0 20544.0 108.0 88.0 in
8376.0 20544.0 192.0 84.0 the
8660.0 20536.0 356.0 92.0 entire
9112.0 20568.0 548.0 88.0 program,
9764.0 20540.0 208.0 96.0 and

7652.0 20696.0 304.0 92.0 much
8012.0 20692.0 360.0 92.0 credit
8444.0 20692.0 92.0 88.0 is
8604.0 20688.0 208.0 92.0 due
8904.0 20696.0 108.0 84.0 to
9068.0 20692.0 196.0 88.0 the
9320.0 20688.0 380.0 96.0 Misses
9760.0 20692.0 172.0 92.0 Mc-

7656.0 20840.0 528.0 116.0 Douough
8280.0 20840.0 208.0 92.0 and
8592.0 20840.0 292.0 92.0 their
8980.0 20840.0 620.0 112.0 assistants,
9704.0 20840.0 260.0 96.0 Mrs.

7660.0 21004.0 416.0 108.0 Draper
8176.0 20988.0 204.0 96.0 and
8476.0 20996.0 252.0 88.0 Mrs.
8836.0 20988.0 484.0 120.0 Murray,
9420.0 20988.0 176.0 96.0 for
9688.0 20992.0 292.0 96.0 their

7652.0 21144.0 472.0 96.0 efficient
8176.0 21140.0 384.0 96.0 efforts
8608.0 21140.0 108.0 92.0 in
8760.0 21140.0 476.0 116.0 training
9272.0 21140.0 700.0 96.0 ihechlldrea

7660.0 21304.0 156.0 84.0 for
7868.0 21296.0 292.0 92.0 their
8256.0 21312.0 340.0 96.0 parts.
8732.0 21292.0 232.0 92.0 The
9016.0 21296.0 552.0 88.0 exercises
9620.0 21292.0 360.0 116.0 might

7660.0 21456.0 124.0 88.0 be
7844.0 21448.0 412.0 92.0 termed
8320.0 21448.0 180.0 88.0 "A
8560.0 21444.0 260.0 116.0 Play
8904.0 21448.0 116.0 88.0 of
9112.0 21448.0 188.0 88.0 the
9380.0 21444.0 588.0 112.0 Seasons,"

7660.0 21612.0 176.0 84.0 the
7896.0 21600.0 264.0 116.0 girls
8212.0 21596.0 568.0 96.0 costumed
8840.0 21604.0 120.0 84.0 to
9028.0 21604.0 584.0 108.0 represent
9688.0 21596.0 236.0 92.0 Bow-

7656.0 21784.0 208.0 72.0 ers,
7924.0 21756.0 576.0 112.0 raiuriropB
8556.0 21764.0 256.0 96.0 etc.,
8868.0 21748.0 316.0 96.0 while
9228.0 21776.0 60.0 64.0 a
9344.0 21748.0 468.0 96.0 number
9860.0 21756.0 116.0 88.0 of

7656.0 21912.0 188.0 88.0 the
7948.0 21908.0 268.0 112.0 boys
8272.0 21928.0 284.0 64.0 weie
8656.0 21896.0 448.0 96.0 dressed
9200.0 21928.0 120.0 64.0 as
9416.0 21904.0 560.0 92.0 Brownies

7660.0 22052.0 212.0 100.0 and
7988.0 22056.0 652.0 92.0 Chinamen.
8816.0 22048.0 216.0 96.0 The
9148.0 22048.0 292.0 116.0 High
9568.0 22048.0 408.0 96.0 School

7660.0 22212.0 256.0 112.0 pitln
8028.0 22208.0 244.0 116.0 glee
8328.0 22204.0 244.0 96.0 club
8672.0 22196.0 596.0 104.0 rendered'
9344.0 22200.0 244.0 100.0 'Old
9688.0 22204.0 240.0 96.0 Ken-

7664.0 22364.0 336.0 116.0 tucky
8064.0 22356.0 428.0 100.0 Home"
8576.0 22360.0 100.0 92.0 in
8732.0 22384.0 60.0 64.0 a
8844.0 22352.0 560.0 120.0 charming
9476.0 22384.0 496.0 68.0 manner.

7656.0 22520.0 228.0 92.0 The
7940.0 22512.0 432.0 120.0 singing
8452.0 22512.0 688.0 112.0 throughout
9208.0 22512.0 188.0 92.0 the
9464.0 22532.0 516.0 96.0 program

10792.0 3400.0 1096.0 416.0 Increase
12176.0 3400.0 224.0 408.0 in

10392.0 3968.0 928.0 480.0 Freight
11576.0 3968.0 1120.0 472.0 Tonnage

10512.0 4764.0 376.0 116.0 Agent
10924.0 4764.0 504.0 112.0 Banning
11460.0 4760.0 116.0 96.0 of
11612.0 4760.0 176.0 92.0 the
11828.0 4760.0 276.0 92.0 local
12148.0 4760.0 232.0 92.0 SMt
12416.0 4756.0 296.0 92.0 Lake

10392.0 4912.0 404.0 92.0 station
10876.0 4916.0 204.0 88.0 has
11176.0 4912.0 704.0 104.0 courteously
11952.0 4904.0 600.0 96.0 consented
12604.0 4924.0 112.0 76.0 to

10396.0 5088.0 496.0 92.0 prepare,
11012.0 5064.0 172.0 92.0 for
11284.0 5088.0 208.0 64.0 our
11600.0 5072.0 272.0 80.0 next
11980.0 5056.0 324.0 112.0 issue,
12420.0 5088.0 296.0 60.0 some

10396.0 5212.0 396.0 120.0 figures
10868.0 5240.0 136.0 64.0 on
11052.0 5216.0 188.0 92.0 tbe
11288.0 5220.0 488.0 108.0 tonnage
11832.0 5204.0 212.0 100.0 and
12128.0 5236.0 592.0 88.0 passenger

10400.0 5368.0 492.0 92.0 business
10944.0 5368.0 164.0 88.0 for
11160.0 5364.0 192.0 96.0 tike
11404.0 5364.0 376.0 92.0 saenth
11824.0 5364.0 112.0 92.0 of
11992.0 5360.0 344.0 116.0 April.
12476.0 5360.0 196.0 112.0 Fig-

10396.0 5540.0 244.0 68.0 uies
10708.0 5520.0 172.0 88.0 for
10928.0 5516.0 192.0 88.0 the
11196.0 5516.0 448.0 88.0 months
11696.0 5508.0 124.0 96.0 of
11864.0 5512.0 532.0 116.0 January,
12456.0 5508.0 216.0 96.0 Feb-

10396.0 5692.0 312.0 92.0 ruary
10776.0 5660.0 212.0 96.0 and
11048.0 5664.0 408.0 112.0 kfarah,
11500.0 5668.0 304.0 88.0 show
11860.0 5692.0 136.0 64.0 an
12048.0 5668.0 504.0 88.0 increase
12604.0 5656.0 116.0 96.0 of

10400.0 5844.0 200.0 68.0 one
10652.0 5816.0 216.0 96.0 and
10944.0 5812.0 308.0 96.0 three
11320.0 5836.0 452.0 100.0 quarter
11824.0 5812.0 428.0 104.0 million
12304.0 5812.0 416.0 116.0 pounds

10400.0 5968.0 112.0 92.0 in
10564.0 5968.0 180.0 96.0 tbe
10772.0 5964.0 560.0 116.0 incoming
11360.0 5960.0 216.0 96.0 and
11624.0 5960.0 524.0 120.0 outgoing
12192.0 5972.0 524.0 104.0 tonnage,

10400.0 6144.0 268.0 68.0 over
10716.0 6124.0 188.0 88.0 the
10956.0 6116.0 456.0 96.0 similiar
11464.0 6116.0 372.0 116.0 period
11932.0 6120.0 112.0 88.0 of
12144.0 6116.0 200.0 88.0 last
12420.0 6136.0 264.0 92.0 year-

10524.0 6268.0 196.0 100.0 Mr.
10788.0 6268.0 508.0 112.0 Banning
11348.0 6268.0 228.0 92.0 also
11620.0 6276.0 352.0 84.0 states
12028.0 6264.0 188.0 92.0 the
12284.0 6288.0 432.0 88.0 passen.

10400.0 6448.0 196.0 88.0 ger
10644.0 6420.0 500.0 92.0 basiness
11224.0 6420.0 196.0 88.0 has
11516.0 6412.0 572.0 100.0 increased
12136.0 6416.0 104.0 92.0 in
12300.0 6416.0 424.0 88.0 volume

10404.0 6596.0 256.0 96.0 Tory
10708.0 6568.0 460.0 120.0 greatly,
11220.0 6600.0 216.0 60.0 one
11472.0 6596.0 384.0 68.0 reason
11908.0 6572.0 176.0 88.0 for
12132.0 6568.0 224.0 92.0 this
12404.0 6568.0 328.0 116.0 being

10404.0 6724.0 192.0 96.0 the
10672.0 6724.0 308.0 116.0 Urge
11064.0 6716.0 340.0 100.0 Influx
11472.0 6724.0 116.0 88.0 of
11664.0 6724.0 780.0 92.0 homeseekers
12512.0 6720.0 212.0 88.0 and

10408.0 6880.0 184.0 88.0 tbe
10644.0 6868.0 448.0 100.0 revived
11136.0 6868.0 476.0 96.0 interest
11656.0 6872.0 112.0 92.0 in
11852.0 6872.0 448.0 112.0 mining,
12368.0 6868.0 356.0 92.0 which

10400.0 7024.0 88.0 96.0 is
10544.0 7024.0 516.0 116.0 bringing
11108.0 7048.0 328.0 92.0 many
11500.0 7020.0 428.0 116.0 mining
12008.0 7048.0 252.0 68.0 men
12332.0 7032.0 108.0 80.0 to
12508.0 7016.0 220.0 96.0 this

10408.0 7176.0 492.0 120.0 vieinity.

10520.0 7324.0 224.0 96.0 The
10796.0 7324.0 460.0 116.0 nativity
11312.0 7324.0 112.0 92.0 in
11484.0 7324.0 464.0 112.0 farming
11996.0 7320.0 320.0 92.0 lands
12372.0 7316.0 348.0 116.0 alone,

10404.0 7480.0 108.0 92.0 in
10568.0 7476.0 220.0 92.0 this
10840.0 7476.0 504.0 116.0 vioinity,
11404.0 7472.0 192.0 92.0 has
11656.0 7476.0 272.0 88.0 been
11984.0 7464.0 736.0 100.0 remarkable.

10416.0 7632.0 352.0 112.0 Hvery
10884.0 7628.0 300.0 88.0 we.k
11320.0 7620.0 368.0 116.0 brings
11800.0 7620.0 704.0 116.0 delegations
12620.0 7628.0 108.0 84.0 of

10412.0 7812.0 156.0 80.0 pri
10604.0 7780.0 496.0 116.0 speetiva
11156.0 7784.0 432.0 104.0 buyers,
11652.0 7776.0 416.0 112.0 largely
12128.0 7772.0 292.0 92.0 from
12492.0 7772.0 188.0 92.0 Cal-

10412.0 7936.0 440.0 104.0 ifornia,
10904.0 7924.0 216.0 100.0 and
11212.0 7928.0 92.0 92.0 It
11388.0 7928.0 96.0 88.0 is
11552.0 7952.0 64.0 64.0 a
11704.0 7932.0 232.0 84.0 faot
12016.0 7924.0 248.0 92.0 that
12320.0 7952.0 60.0 64.0 a
12428.0 7924.0 300.0 112.0 large

10408.0 8100.0 664.0 104.0 percentage
11112.0 8084.0 112.0 88.0 of
11264.0 8080.0 308.0 92.0 these
11608.0 8072.0 452.0 96.0 remain.
12132.0 8076.0 336.0 104.0 Then,
12504.0 8084.0 220.0 96.0 too,

10412.0 8236.0 180.0 96.0 Che
10632.0 8236.0 196.0 116.0 dry
10880.0 8236.0 284.0 88.0 farm
11216.0 8224.0 704.0 124.0 proposition,
11968.0 8224.0 364.0 88.0 desert
12368.0 8220.0 364.0 116.0 filings

10408.0 8408.0 216.0 72.0 eto.
10684.0 8384.0 188.0 96.0 bas
10928.0 8384.0 276.0 92.0 been
11244.0 8376.0 608.0 116.0 attracting
11888.0 8404.0 60.0 64.0 a
11976.0 8372.0 752.0 96.0 considerable

10408.0 8552.0 464.0 80.0 number
10960.0 8540.0 108.0 88.0 cf
11164.0 8536.0 316.0 88.0 those
11568.0 8528.0 592.0 116.0 searching
12252.0 8532.0 168.0 84.0 for
12484.0 8552.0 236.0 64.0 new

10412.0 8688.0 520.0 96.0 locations
11004.0 8684.0 216.0 92.0 and
11304.0 8696.0 392.0 76.0 almost
11776.0 8704.0 332.0 88.0 every
12164.0 8676.0 292.0 96.0 train
12532.0 8680.0 192.0 88.0 bas

10412.0 8864.0 264.0 72.0 Dean
10728.0 8836.0 444.0 116.0 landing
11204.0 8864.0 300.0 64.0 some
11536.0 8832.0 116.0 92.0 of
11680.0 8832.0 188.0 92.0 the
11912.0 8832.0 804.0 88.0 homeseekers.

10408.0 8992.0 224.0 96.0 Not
10672.0 8996.0 256.0 112.0 only
10980.0 8992.0 268.0 92.0 does
11332.0 8996.0 188.0 84.0 the
11588.0 9008.0 604.0 96.0 passenger
12292.0 8976.0 396.0 120.0 depart-

10412.0 9160.0 308.0 84.0 ment
10804.0 9140.0 128.0 100.0 of
11016.0 9144.0 192.0 92.0 the
11300.0 9140.0 284.0 92.0 local
11660.0 9136.0 480.0 96.0 railroad
12192.0 9136.0 332.0 116.0 profit
12580.0 9136.0 132.0 116.0 by

10408.0 9296.0 220.0 100.0 this
10660.0 9292.0 604.0 112.0 condition,
11308.0 9292.0 192.0 96.0 hut
11548.0 9292.0 196.0 92.0 the
11792.0 9288.0 428.0 116.0 freight
12268.0 9288.0 460.0 116.0 receipts

10404.0 9480.0 184.0 68.0 are
10652.0 9468.0 244.0 80.0 alae
10972.0 9448.0 772.0 112.0 considerably
11832.0 9436.0 660.0 124.0 augmented
12588.0 9440.0 128.0 112.0 by

10412.0 9616.0 184.0 84.0 the
10652.0 9600.0 508.0 124.0 shipping
11212.0 9604.0 112.0 92.0 in
11404.0 9604.0 120.0 88.0 of
11616.0 9596.0 616.0 96.0 household
12320.0 9592.0 396.0 92.0 effects

10408.0 9764.0 340.0 108.0 stock,
10808.0 9760.0 744.0 112.0 implements,
11612.0 9768.0 208.0 76.0 etc.
11876.0 9748.0 116.0 96.0 of
12056.0 9756.0 312.0 88.0 these
12436.0 9772.0 240.0 64.0 new-

10408.0 9940.0 460.0 68.0 comers.
11000.0 9904.0 480.0 120.0 Coupled
11576.0 9904.0 264.0 96.0 with
11936.0 9908.0 252.0 104.0 this,
12296.0 9900.0 184.0 92.0 the
12544.0 9900.0 180.0 108.0 big

10408.0 10068.0 612.0 120.0 shipments
11112.0 10064.0 112.0 88.0 ol
11312.0 10084.0 224.0 84.0 ore,
11636.0 10056.0 316.0 112.0 wool,
12056.0 10052.0 344.0 108.0 hides,
12524.0 10064.0 200.0 80.0 and

10412.0 10224.0 324.0 92.0 jther
10840.0 10212.0 520.0 116.0 products
11472.0 10212.0 124.0 92.0 of
11708.0 10212.0 224.0 92.0 this
11984.0 10208.0 212.0 92.0 end
12308.0 10200.0 116.0 100.0 of
12536.0 10208.0 188.0 88.0 tbe

10408.0 10388.0 404.0 100.0 county
10908.0 10372.0 516.0 92.0 combine
11520.0 10384.0 112.0 76.0 to
11732.0 10364.0 320.0 92.0 make
12156.0 10360.0 440.0 92.0 Miiford
12664.0 10388.0 64.0 60.0 a

10416.0 10540.0 284.0 80.0 moat
10780.0 10528.0 600.0 112.0 Important
11456.0 10520.0 512.0 116.0 shipping
12040.0 10508.0 320.0 120.0 point.
12496.0 10516.0 228.0 88.0 The

10416.0 10676.0 404.0 100.0 NBW'S
10872.0 10692.0 440.0 100.0 expects
11364.0 10688.0 116.0 80.0 to
11532.0 10700.0 452.0 92.0 prepare
12040.0 10700.0 60.0 60.0 a
12152.0 10692.0 420.0 68.0 resume
12624.0 10680.0 92.0 76.0 ol

10420.0 10844.0 180.0 84.0 the
10688.0 10832.0 500.0 88.0 business
11260.0 10832.0 288.0 88.0 done
11620.0 10820.0 480.0 116.0 through
12184.0 10828.0 192.0 84.0 the
12456.0 10816.0 268.0 88.0 local

10412.0 10988.0 344.0 108.0 office,
10800.0 10984.0 216.0 92.0 and
11052.0 10976.0 88.0 96.0 it
11168.0 10980.0 216.0 92.0 will
11424.0 10980.0 128.0 88.0 he
11592.0 10976.0 648.0 108.0 interesting
12276.0 10968.0 452.0 116.0 reading

10420.0 11144.0 444.0 88.0 matter.

10000.0 11572.0 320.0 116.0 ardy;

10048.0 11756.0 280.0 220.0 Frfd
10424.0 11768.0 188.0 280.0 It
10804.0 11784.0 192.0 260.0 is
11184.0 11764.0 564.0 276.0 Now

9996.0 12044.0 332.0 108.0 'tyre;

9996.0 12324.0 24.0 60.0 '
10592.0 12276.0 28.0 240.0 j
10668.0 12300.0 552.0 172.0 occasions
11288.0 12368.0 108.0 80.0 in
11456.0 12360.0 184.0 88.0 the
11700.0 12260.0 324.0 196.0 past.1
12424.0 12260.0 120.0 160.0 ft

11088.0 12496.0 276.0 172.0 ne
11452.0 12508.0 24.0 24.0 '
11492.0 12504.0 640.0 168.0 "sjerei
12260.0 12508.0 184.0 84.0 tne
12604.0 12512.0 16.0 60.0 '

11440.0 12752.0 40.0 28.0 '
12436.0 12772.0 184.0 92.0 her

12436.0 12924.0 132.0 116.0 by

10148.0 13032.0 344.0 100.0 When
10544.0 13036.0 540.0 120.0 speaking
11132.0 13048.0 112.0 84.0 of
11324.0 13044.0 192.0 96.0 the
11564.0 13044.0 292.0 104.0 local
11912.0 13060.0 432.0 96.0 theatre
12440.0 13088.0 180.0 80.0 boa

10024.0 13212.0 212.0 92.0 you
10284.0 13196.0 296.0 88.0 must
10624.0 13212.0 240.0 76.0 sow
10912.0 13192.0 208.0 92.0 oall
11168.0 13188.0 88.0 96.0 it
11300.0 13196.0 184.0 92.0 the
11552.0 13200.0 300.0 96.0 ''The
11912.0 13204.0 420.0 100.0 Utah."
12436.0 13240.0 184.0 76.0 Bee

10028.0 13340.0 224.0 92.0 The
10344.0 13356.0 436.0 76.0 contest
10868.0 13340.0 592.0 96.0 conducted
11512.0 13412.0 16.0 20.0 .
11572.0 13348.0 140.0 120.0 by
11808.0 13360.0 536.0 116.0 Manager
12432.0 13372.0 172.0 96.0 the

10032.0 13492.0 312.0 108.0 Sims,
10420.0 13492.0 116.0 92.0 In
10628.0 13516.0 144.0 68.0 an
10872.0 13496.0 552.0 92.0 endeavor
11508.0 13508.0 116.0 84.0 to
11716.0 13536.0 388.0 68.0 secure
12200.0 13544.0 132.0 64.0 an
12424.0 13524.0 156.0 92.0 dis

10032.0 13644.0 704.0 116.0 appropriate
10864.0 13668.0 316.0 68.0 name
11296.0 13648.0 164.0 100.0 for
11572.0 13652.0 184.0 92.0 the
11884.0 13668.0 456.0 112.0 popular
12432.0 13676.0 188.0 92.0 frui

10028.0 13800.0 292.0 84.0 show
10376.0 13796.0 340.0 92.0 house
10800.0 13796.0 484.0 92.0 resulted
11548.0 13808.0 188.0 88.0 the
11784.0 13812.0 384.0 92.0 choice
12224.0 13832.0 104.0 76.0 ot
12424.0 13828.0 184.0 92.0 the

10032.0 13948.0 188.0 92.0 tbe
10276.0 13948.0 344.0 92.0 above
10672.0 13944.0 268.0 96.0 title.
11128.0 13948.0 260.0 92.0 Miss
11416.0 13952.0 452.0 100.0 Thelma
11900.0 13964.0 436.0 96.0 Tanner
12420.0 14004.0 188.0 68.0 cur

10040.0 14124.0 228.0 68.0 won
10320.0 14100.0 188.0 92.0 tfae
10544.0 14096.0 236.0 96.0 first
10816.0 14100.0 284.0 116.0 prize
11136.0 14100.0 116.0 92.0 of
11284.0 14100.0 304.0 116.0 15.00;
11640.0 14104.0 252.0 100.0 Mist
11932.0 14116.0 400.0 96.0 Aleene
12420.0 14156.0 188.0 68.0 cut

10036.0 14248.0 356.0 96.0 Miller
10476.0 14248.0 404.0 96.0 second
10968.0 14252.0 324.0 116.0 prine,
11348.0 14280.0 60.0 64.0 a
11476.0 14284.0 256.0 112.0 pats
11796.0 14268.0 272.0 108.0 good
12164.0 14268.0 164.0 96.0 till

10040.0 14404.0 648.0 112.0 Soptesaber
10792.0 14404.0 288.0 108.0 80th,
11200.0 14404.0 248.0 96.0 whil
11612.0 14416.0 256.0 92.0 Mrs.
11984.0 14416.0 348.0 96.0 Verne
12532.0 14348.0 88.0 164.0 T.

10040.0 14552.0 444.0 96.0 Rentier
10564.0 14552.0 532.0 116.0 captured
11176.0 14556.0 296.0 92.0 third
11524.0 14560.0 288.0 120.0 prise
11868.0 14568.0 200.0 92.0 and
12128.0 14572.0 204.0 96.0 will
12420.0 14548.0 24.0 156.0 j

10036.0 14708.0 428.0 92.0 reciove
10564.0 14732.0 64.0 64.0 a
10688.0 14732.0 244.0 84.0 pass
11020.0 14704.0 276.0 116.0 good
11388.0 14708.0 252.0 96.0 uttil
11728.0 14716.0 260.0 120.0 July
12056.0 14728.0 260.0 92.0 31st.

10052.0 14856.0 168.0 92.0 All
10268.0 14868.0 112.0 80.0 ot
10436.0 14856.0 188.0 92.0 the
10668.0 14860.0 468.0 88.0 winners
11188.0 14860.0 372.0 112.0 agrsed
11600.0 14892.0 132.0 64.0 on
11772.0 14876.0 192.0 84.0 the
12020.0 14900.0 308.0 68.0 same
12496.0 14824.0 124.0 144.0 .a'

10044.0 15036.0 352.0 84.0 name,
10456.0 15004.0 196.0 96.0 but
10700.0 15008.0 432.0 92.0 awards
11188.0 14968.0 260.0 196.0 werj
11492.0 15020.0 312.0 92.0 made
11860.0 15020.0 100.0 96.0 in
12012.0 15028.0 320.0 92.0 order
12420.0 14972.0 200.0 68.0 V1C1

10040.0 15168.0 112.0 88.0 of
10196.0 15164.0 424.0 116.0 reoelpt
10668.0 15164.0 108.0 88.0 of
10828.0 15156.0 420.0 96.0 choices
11300.0 15156.0 668.0 132.0 byianager
12000.0 15180.0 320.0 92.0 Sims.
12416.0 15124.0 196.0 64.0 Ca"

10048.0 15312.0 540.0 116.0 Saturday
10636.0 15312.0 328.0 112.0 night
11000.0 15312.0 188.0 92.0 tbe
11224.0 15308.0 724.0 132.0 flnalcbapter
11992.0 15332.0 116.0 88.0 of
12144.0 15340.0 184.0 84.0 the

10052.0 15472.0 24.0 44.0 '
10136.0 15464.0 228.0 96.0 Rod
10444.0 15460.0 428.0 100.0 Circle"
10932.0 15464.0 220.0 92.0 will
11216.0 15440.0 572.0 144.0 betrWn;
11848.0 15472.0 468.0 128.0 Sunday,
12416.0 15428.0 204.0 92.0 arri

10056.0 15616.0 312.0 92.0 "The
10468.0 15620.0 464.0 88.0 Meuaoe
10992.0 15620.0 124.0 88.0 of
11212.0 15616.0 188.0 92.0 the
11468.0 15616.0 392.0 100.0 Inuie."
11952.0 15656.0 64.0 64.0 a
12112.0 15632.0 212.0 92.0 five
12412.0 15592.0 192.0 80.0 "Bt

10052.0 15768.0 216.0 96.0 reel
10324.0 15768.0 280.0 96.0 Gold
10656.0 15768.0 476.0 92.0 Rooster
11180.0 15748.0 396.0 108.0 featurl
11604.0 15776.0 268.0 92.0 with
11916.0 15784.0 408.0 92.0 Arnold

10060.0 15920.0 276.0 116.0 Daly
10380.0 15920.0 112.0 92.0 in
10584.0 15920.0 188.0 92.0 tbe
10808.0 15916.0 436.0 112.0 leading
11284.0 15920.0 468.0 104.0 role,nd
11796.0 15932.0 516.0 120.0 Monday,

10056.0 16100.0 60.0 60.0 a
10216.0 16064.0 364.0 100.0 World
10680.0 16068.0 264.0 92.0 Film
11052.0 16068.0 504.0 116.0 product!
11756.0 16076.0 568.0 124.0 featuring
12552.0 16068.0 68.0 108.0 I

10064.0 16224.0 408.0 88.0 Robert
10524.0 16216.0 536.0 96.0 Warwick
11112.0 16216.0 112.0 92.0 in
11308.0 16220.0 608.0 100.0 "Th4Man
11968.0 16236.0 116.0 88.0 of
12128.0 16240.0 192.0 88.0 the
12544.0 16172.0 72.0 108.0 '

10060.0 16372.0 400.0 96.0 Hour."

11188.0 16680.0 60.0 76.0 9
11692.0 16668.0 32.0 76.0 1

11704.0 16764.0 20.0 52.0 t

10064.0 17012.0 892.0 176.0 Mintrirille
11072.0 17008.0 328.0 172.0 Will

10652.0 17288.0 312.0 172.0 Har
11176.0 17284.0 1132.0 204.0 Correipndent

10184.0 17872.0 92.0 88.0 A
10404.0 17860.0 412.0 100.0 NEWS
10940.0 17860.0 896.0 116.0 representative
11868.0 17848.0 432.0 120.0 '.rlslted

10068.0 18016.0 720.0 108.0 Minersville,
11044.0 18016.0 212.0 88.0 few
11344.0 18008.0 280.0 116.0 days
11724.0 18012.0 260.0 120.0 tint,
12092.0 18024.0 204.0 96.0 and

10064.0 18168.0 344.0 100.0 found
10496.0 18192.0 548.0 92.0 everyone
11120.0 18164.0 108.0 92.0 In
11312.0 18160.0 196.0 92.0 the
11556.0 18156.0 328.0 96.0 thrlvi
12016.0 18200.0 236.0 68.0 com-

10064.0 18320.0 420.0 116.0 munity
10516.0 18348.0 116.0 60.0 as
10660.0 18316.0 272.0 112.0 busy
10968.0 18340.0 116.0 68.0 as
11120.0 18312.0 292.0 96.0 beet.
11552.0 18308.0 748.0 116.0 Pleatacallt

10072.0 18500.0 280.0 68.0 were
10404.0 18464.0 316.0 100.0 made
10772.0 18492.0 140.0 68.0 on
10964.0 18460.0 424.0 100.0 teveral
11436.0 18460.0 408.0 96.0 NEWS
11900.0 18488.0 388.0 100.0 Ptrons,

10068.0 18624.0 216.0 96.0 and
10368.0 18624.0 188.0 92.0 the
10612.0 18620.0 380.0 88.0 writer
11056.0 18616.0 232.0 92.0 also
11344.0 18608.0 212.0 96.0 had
11636.0 18612.0 188.0 92.0 the
11900.0 18636.0 64.0 92.0 p
12004.0 18632.0 296.0 88.0 t.ure
12384.0 18616.0 12.0 48.0 '

10064.0 18780.0 120.0 88.0 of
10272.0 18768.0 492.0 116.0 meeting
10848.0 18764.0 564.0 96.0 Protestor
11508.0 18756.0 492.0 108.0 Carmen,
12032.0 18780.0 220.0 92.0 srin

10064.0 18924.0 280.0 116.0 eipal
10392.0 18920.0 124.0 96.0 of
10564.0 18920.0 188.0 96.0 the
10808.0 18916.0 672.0 96.0 Minersville
11532.0 18888.0 760.0 132.0 srhools.irm-
12388.0 18904.0 8.0 56.0 1

10064.0 19080.0 232.0 112.0 erly
10372.0 19072.0 612.0 116.0 occupying
11080.0 19072.0 192.0 88.0 the
11368.0 19092.0 308.0 68.0 same
11744.0 19060.0 304.0 120.0 potif
12072.0 19104.0 44.0 72.0 j
12228.0 19108.0 60.0 64.0 D

10068.0 19232.0 184.0 88.0 tbe
10308.0 19224.0 444.0 96.0 Miiford
10804.0 19220.0 436.0 92.0 schools
11440.0 19212.0 228.0 100.0 The
11720.0 19184.0 572.0 144.0 NEW'V,,
12388.0 19212.0 8.0 48.0 '

10068.0 19376.0 540.0 116.0 arranged
10724.0 19376.0 164.0 92.0 for
10996.0 19400.0 64.0 64.0 a
11156.0 19368.0 448.0 116.0 regular
11716.0 19368.0 572.0 104.0 Mlntr)e
12380.0 19360.0 16.0 64.0 1

10064.0 19524.0 888.0 120.0 correspondent,
11016.0 19528.0 120.0 88.0 to
11184.0 19520.0 360.0 96.0 which
11612.0 19516.0 416.0 96.0 tervice
12240.0 19564.0 44.0 60.0 i
12380.0 19536.0 16.0 64.0 I

10060.0 19680.0 336.0 120.0 justly
10456.0 19676.0 512.0 96.0 entitled.

11200.0 19912.0 40.0 88.0 '
12360.0 19928.0 32.0 248.0 i

10896.0 20184.0 620.0 180.0 Reward
12288.0 20332.0 8.0 32.0 ,
12368.0 20268.0 28.0 84.0 i

12364.0 20400.0 32.0 80.0 t

10240.0 20624.0 288.0 140.0 Five
10656.0 20620.0 480.0 144.0 Dollars
11264.0 20608.0 540.0 148.0 Reward
11900.0 20612.0 236.0 140.0 will

10060.0 20868.0 276.0 180.0 paid
10464.0 20864.0 160.0 176.0 by
10720.0 20860.0 196.0 144.0 the
11008.0 20856.0 780.0 176.0 undersigned
11884.0 20856.0 184.0 136.0 for

10056.0 21112.0 736.0 140.0 information
10912.0 21100.0 472.0 176.0 leading
11504.0 21136.0 120.0 100.0 to
11748.0 21096.0 196.0 140.0 the
12040.0 21124.0 356.0 112.0 arret,;

10056.0 21352.0 240.0 140.0 and
10356.0 21352.0 664.0 136.0 conviction
11084.0 21344.0 124.0 140.0 of
11272.0 21340.0 196.0 144.0 the
11536.0 21336.0 840.0 180.0 unscrupulous

10056.0 21592.0 488.0 144.0 vandals
10608.0 21588.0 284.0 140.0 who
10956.0 21584.0 304.0 140.0 have
11324.0 21584.0 308.0 140.0 been
11696.0 21588.0 436.0 172.0 tearing
12224.0 21644.0 160.0 120.0 up

10060.0 21840.0 192.0 136.0 the
10372.0 21828.0 620.0 148.0 one-theel
11108.0 21864.0 456.0 140.0 posteri
11688.0 21824.0 704.0 180.0 advertiiing

10060.0 22084.0 196.0 144.0 the
10448.0 22108.0 784.0 112.0 amusements
11388.0 22104.0 120.0 108.0 at
11664.0 22068.0 200.0 140.0 the
12052.0 22068.0 332.0 144.0 Utah

10060.0 22324.0 580.0 144.0 Theatre.

10768.0 22592.0 184.0 160.0 H.
11008.0 22592.0 132.0 156.0 S.
11200.0 22592.0 352.0 164.0 Sim.
11620.0 22588.0 592.0 188.0 M&ncger

12864.0 3368.0 912.0 480.0 Project
13976.0 3360.0 1072.0 408.0 Pointers

12884.0 4112.0 676.0 168.0 Interesting
13656.0 4108.0 336.0 136.0 Items
14092.0 4104.0 300.0 132.0 from
14488.0 4096.0 552.0 164.0 Farming

13684.0 4320.0 532.0 132.0 Sections

12916.0 4772.0 436.0 120.0 Projeot
13448.0 4768.0 428.0 92.0 schools
13968.0 4764.0 300.0 88.0 close
14380.0 4756.0 376.0 112.0 today;
14872.0 4744.0 252.0 96.0 final

12796.0 4920.0 796.0 96.0 examinations
13652.0 4944.0 280.0 68.0 were
13984.0 4908.0 248.0 100.0 held
14288.0 4908.0 212.0 92.0 this
14540.0 4904.0 336.0 92.0 week.

12920.0 5100.0 340.0 116.0 Lloyd
13344.0 5096.0 388.0 96.0 Nickle
13812.0 5100.0 192.0 84.0 has
14080.0 5088.0 332.0 96.0 taken
14468.0 5088.0 192.0 92.0 tha
14712.0 5100.0 412.0 92.0 agency

12804.0 5260.0 160.0 88.0 for
13056.0 5256.0 180.0 92.0 the
13336.0 5252.0 688.0 92.0 Studebaker
14120.0 5240.0 208.0 96.0 and
14436.0 5236.0 284.0 96.0 Ford
14832.0 5256.0 292.0 84.0 cars,

12804.0 5408.0 568.0 116.0 operating
13424.0 5404.0 252.0 112.0 only
13732.0 5400.0 100.0 92.0 in
13892.0 5392.0 420.0 96.0 Millard
14364.0 5388.0 464.0 116.0 County.

12932.0 5588.0 156.0 92.0 W.
13144.0 5588.0 232.0 96.0 Van
13432.0 5588.0 304.0 88.0 Litre
13796.0 5580.0 196.0 88.0 hat
14060.0 5604.0 200.0 60.0 one
14340.0 5568.0 124.0 96.0 of
14540.0 5568.0 184.0 92.0 the
14812.0 5560.0 324.0 96.0 finest

12808.0 5736.0 372.0 96.0 stands
13232.0 5740.0 112.0 120.0 of
13424.0 5760.0 364.0 88.0 young
13872.0 5728.0 384.0 92.0 alfalfa
14312.0 5724.0 104.0 88.0 in
14484.0 5720.0 188.0 92.0 tbe
14728.0 5716.0 400.0 112.0 valley.

12924.0 5924.0 116.0 88.0 F.
13152.0 5924.0 108.0 88.0 P.
13364.0 5916.0 520.0 112.0 Brighara
13976.0 5908.0 84.0 92.0 it
14144.0 5900.0 488.0 112.0 erecting
14732.0 5924.0 64.0 64.0 a
14880.0 5912.0 244.0 72.0 new

12808.0 6072.0 320.0 92.0 house
13224.0 6096.0 136.0 68.0 on
13452.0 6068.0 168.0 88.0 his
13720.0 6060.0 344.0 92.0 ranch
14168.0 6052.0 212.0 92.0 and
14476.0 6052.0 448.0 112.0 expects
15016.0 6056.0 116.0 76.0 ta

12812.0 6224.0 420.0 112.0 shortly
13292.0 6244.0 316.0 80.0 move
13676.0 6216.0 140.0 88.0 in.

12924.0 6404.0 232.0 88.0 Tbe
13236.0 6404.0 288.0 84.0 state
13576.0 6388.0 516.0 120.0 highway
14160.0 6384.0 84.0 92.0 is
14304.0 6380.0 328.0 112.0 badly
14684.0 6380.0 112.0 88.0 in
14856.0 6368.0 280.0 96.0 neel

12808.0 6552.0 120.0 96.0 of
13012.0 6548.0 428.0 120.0 repairs
13528.0 6560.0 116.0 76.0 at
13736.0 6536.0 424.0 96.0 several
14240.0 6536.0 424.0 116.0 points;
14764.0 6524.0 380.0 112.0 heavy

12812.0 6732.0 184.0 68.0 ore
13052.0 6700.0 320.0 104.0 traflq
13420.0 6692.0 196.0 96.0 has
13668.0 6700.0 184.0 84.0 cut
13904.0 6688.0 88.0 92.0 it
14044.0 6716.0 140.0 88.0 up
14224.0 6688.0 100.0 88.0 in
14368.0 6704.0 316.0 92.0 many
14732.0 6680.0 404.0 112.0 plaoes.

12932.0 6884.0 364.0 96.0 Frank
13384.0 6876.0 468.0 96.0 Roberts
13916.0 6872.0 200.0 92.0 will
14220.0 6872.0 276.0 108.0 (arm
14580.0 6888.0 56.0 68.0 a
14704.0 6852.0 432.0 120.0 portion

12812.0 7036.0 116.0 96.0 of
13036.0 7040.0 192.0 92.0 the
13344.0 7024.0 540.0 120.0 '"eighty"
14032.0 7016.0 604.0 116.0 belonging
14744.0 7016.0 120.0 84.0 to
14972.0 7000.0 112.0 96.0 hi

12820.0 7180.0 868.0 104.0 brother-in-law
13848.0 7180.0 268.0 88.0 Bert
14292.0 7168.0 596.0 92.0 Buchanan
15032.0 7156.0 116.0 92.0 of

12820.0 7340.0 408.0 108.0 Frisco,
13288.0 7336.0 504.0 116.0 planting
13840.0 7352.0 304.0 64.0 some
14200.0 7316.0 116.0 96.0 of
14396.0 7316.0 192.0 92.0 the
14672.0 7328.0 468.0 92.0 acreage

12816.0 7508.0 116.0 80.0 to
12984.0 7492.0 416.0 92.0 alfalfa.
13556.0 7480.0 228.0 96.0 The
13832.0 7472.0 328.0 96.0 raneh
14232.0 7472.0 92.0 88.0 is
14376.0 7492.0 268.0 68.0 near
14692.0 7464.0 184.0 92.0 the
14932.0 7460.0 164.0 88.0 Ex-

12824.0 7648.0 544.0 112.0 periment
13412.0 7636.0 352.0 92.0 Frm.

12928.0 7828.0 224.0 92.0 Tne
13208.0 7820.0 720.0 116.0 Experiment
13980.0 7804.0 416.0 96.0 Farm's
14440.0 7792.0 348.0 96.0 model
14828.0 7788.0 308.0 112.0 dairy

12824.0 7988.0 328.0 84.0 barns
13204.0 8004.0 184.0 64.0 are
13440.0 7960.0 624.0 116.0 oompleted
14120.0 7956.0 212.0 92.0 and
14384.0 7952.0 108.0 88.0 lu
14564.0 7972.0 240.0 84.0 ute;
14868.0 7944.0 260.0 112.0 they

12816.0 8124.0 828.0 100.0 accommodate
13676.0 8116.0 344.0 112.0 thirty
14040.0 8116.0 308.0 88.0 three
14380.0 8128.0 288.0 68.0 cowt
14704.0 8096.0 212.0 92.0 and
14956.0 8120.0 188.0 64.0 are

12816.0 8276.0 536.0 124.0 equipped
13452.0 8276.0 264.0 88.0 with
13804.0 8272.0 188.0 88.0 the
14088.0 8264.0 340.0 88.0 latett
14520.0 8244.0 388.0 116.0 design
15024.0 8244.0 116.0 92.0 of

12816.0 8432.0 632.0 96.0 stanchions
13504.0 8420.0 212.0 96.0 and
13768.0 8416.0 444.0 112.0 feeding
14264.0 8404.0 504.0 112.0 troughs.

12932.0 8656.0 348.0 92.0 Oscar
13436.0 8644.0 584.0 92.0 Sahlsman
14148.0 8624.0 212.0 96.0 and
14512.0 8620.0 252.0 88.0 wife
14924.0 8600.0 208.0 104.0 and

12816.0 8804.0 472.0 108.0 brother,
13352.0 8788.0 492.0 112.0 Edward,
13904.0 8784.0 384.0 96.0 recent
14340.0 8764.0 460.0 104.0 arrivals
14856.0 8764.0 280.0 92.0 from

12836.0 8952.0 480.0 108.0 Turlock,
13380.0 8940.0 624.0 104.0 California,
14096.0 8956.0 184.0 68.0 are
14368.0 8912.0 480.0 120.0 actively
14960.0 8908.0 132.0 92.0 de-

12824.0 9104.0 496.0 120.0 veloping
13412.0 9096.0 292.0 96.0 their
13796.0 9084.0 384.0 108.0 ranch,
14236.0 9068.0 436.0 104.0 'ocated
14764.0 9068.0 112.0 92.0 In
14948.0 9064.0 196.0 92.0 the

12816.0 9260.0 312.0 100.0 south
13176.0 9252.0 212.0 100.0 end
13440.0 9248.0 124.0 96.0 of
13612.0 9244.0 180.0 96.0 the
13848.0 9248.0 332.0 84.0 tract.

12936.0 9476.0 280.0 100.0 S.T.
13280.0 9468.0 436.0 100.0 Rankin
13764.0 9464.0 196.0 88.0 has
13996.0 9456.0 228.0 116.0 just
14272.0 9424.0 608.0 132.0 completed
14936.0 9428.0 192.0 92.0 the

12820.0 9632.0 496.0 120.0 planting
13368.0 9620.0 116.0 96.0 of
13540.0 9624.0 164.0 84.0 his
13756.0 9612.0 328.0 92.0 i?--1-
14128.0 9620.0 116.0 72.0 to
14280.0 9592.0 440.0 104.0 alfalfa;
14772.0 9584.0 132.0 88.0 he
14948.0 9580.0 192.0 88.0 has

12816.0 9788.0 224.0 92.0 also
13092.0 9772.0 456.0 100.0 finished
13604.0 9764.0 444.0 104.0 fencing
14100.0 9752.0 164.0 96.0 his
14316.0 9740.0 260.0 96.0 iau'1
14628.0 9760.0 172.0 68.0 a"
14896.0 9740.0 248.0 76.0 ".tv

12820.0 9952.0 192.0 84.0 bas
13104.0 9928.0 460.0 108.0 nothing
13660.0 9932.0 108.0 80.0 to
13864.0 9916.0 140.0 88.0 do
14100.0 9908.0 192.0 88.0 but
14356.0 9896.0 268.0 92.0 wait
14684.0 9896.0 172.0 80.0 for
14952.0 9880.0 196.0 92.0 the
15204.0 9964.0 16.0 20.0 ,

12812.0 10080.0 608.0 108.0 dividends.

12800.0 10352.0 24.0 36.0 v
12932.0 10308.0 116.0 96.0 C.
13104.0 10304.0 324.0 92.0 Stout
13468.0 10288.0 216.0 96.0 and
13736.0 10280.0 428.0 112.0 family,
14200.0 10272.0 248.0 92.0 who
14496.0 10260.0 280.0 92.0 have
14832.0 10256.0 312.0 124.0 com.;

12820.0 10492.0 140.0 76.0 up
13076.0 10456.0 288.0 92.0 from
13496.0 10440.0 540.0 100.0 Modesto,
14168.0 10408.0 652.0 108.0 California,
14960.0 10420.0 188.0 64.0 are
15196.0 10444.0 68.0 80.0 v

12812.0 10604.0 600.0 120.0 occupying
13444.0 10600.0 188.0 88.0 the
13660.0 10588.0 380.0 96.0 James
14080.0 10568.0 516.0 108.0 dwelling
14632.0 10552.0 284.0 96.0 until
14960.0 10548.0 184.0 92.0 the

12816.0 10756.0 488.0 116.0 clearing
13404.0 10744.0 216.0 96.0 and
13744.0 10728.0 772.0 116.0 development
14636.0 10712.0 104.0 88.0 ol
14856.0 10700.0 292.0 96.0 their

12820.0 10912.0 244.0 116.0 fifty
13120.0 10932.0 312.0 68.0 acres
13484.0 10888.0 448.0 116.0 nearby.

12936.0 11124.0 452.0 96.0 C.Allen
13432.0 11116.0 120.0 92.0 R.
13592.0 11112.0 468.0 100.0 Ramsey
14112.0 11088.0 152.0 100.0 Jr.
14304.0 11080.0 216.0 96.0 and
14572.0 11080.0 100.0 88.0 S.
14708.0 11072.0 432.0 108.0 Thayer

12824.0 11280.0 216.0 92.0 will
13120.0 11276.0 576.0 104.0 represent
13780.0 11260.0 184.0 88.0 the
14020.0 11252.0 288.0 88.0 tract
14352.0 11240.0 112.0 88.0 in
14516.0 11236.0 188.0 92.0 the
14756.0 11216.0 388.0 100.0 school

12820.0 11436.0 248.0 88.0 field
13120.0 11436.0 296.0 80.0 meet
13464.0 11436.0 116.0 72.0 to
13636.0 11436.0 124.0 64.0 oe
13816.0 11436.0 260.0 60.0 nei'i
14148.0 11436.0 104.0 52.0 m
14340.0 11436.0 456.0 56.0 ue.v.i,

12828.0 11580.0 332.0 104.0 week,
13220.0 11568.0 408.0 108.0 having
13724.0 11584.0 236.0 64.0 won
14048.0 11556.0 364.0 104.0 places
14468.0 11552.0 112.0 80.0 at
14676.0 11544.0 180.0 84.0 the
14916.0 11544.0 176.0 100.0 try-

12820.0 11740.0 200.0 92.0 qut
13064.0 11732.0 220.0 88.0 last
13336.0 11712.0 580.0 112.0 Saturday,
13976.0 11704.0 108.0 92.0 in
14124.0 11692.0 484.0 96.0 Miiford.

12948.0 11904.0 404.0 96.0 "Pride
13404.0 11900.0 340.0 120.0 goeth
13800.0 11896.0 376.0 88.0 before
14228.0 11876.0 676.0 100.0 destruction
14936.0 11864.0 216.0 100.0 and

12828.0 12104.0 56.0 64.0 a
12936.0 12064.0 476.0 116.0 haughty
13448.0 12056.0 320.0 116.0 spirit
13816.0 12048.0 380.0 92.0 before
14232.0 12072.0 60.0 64.0 a
14320.0 12032.0 484.0 112.0 smash,"
14864.0 12052.0 288.0 72.0 even

12828.0 12228.0 104.0 92.0 in
12992.0 12224.0 188.0 92.0 the
13232.0 12240.0 252.0 72.0 case
13532.0 12212.0 108.0 88.0 of
13696.0 12232.0 300.0 88.0 eggs.
14184.0 12200.0 92.0 88.0 A
14348.0 12200.0 208.0 88.0 few
14612.0 12188.0 276.0 116.0 days
14944.0 12208.0 212.0 88.0 ago

12836.0 12376.0 240.0 96.0 Mrs.
13144.0 12380.0 124.0 84.0 A.
13332.0 12356.0 552.0 100.0 MacKeen
13940.0 12348.0 476.0 108.0 brought
14464.0 12340.0 224.0 92.0 into
14744.0 12352.0 292.0 80.0 town
15092.0 12360.0 68.0 64.0 a

12536.0 12492.0 424.0 88.0 outlooK
13412.0 12508.0 344.0 140.0 -jhi('h
13804.0 12500.0 564.0 96.0 measured
14424.0 12492.0 316.0 116.0 eight
14772.0 12492.0 384.0 88.0 inches

12436.0 12772.0 532.0 116.0 hen'egg
13308.0 12812.0 36.0 52.0 ,
13508.0 12652.0 1576.0 300.0 JP7S'

12436.0 12924.0 132.0 116.0 by
12624.0 12928.0 168.0 88.0 six
12844.0 12924.0 212.0 92.0 and
13164.0 12932.0 280.0 84.0 ,hree
13516.0 12900.0 224.0 128.0 Tiin
13796.0 12928.0 56.0 100.0 f
13904.0 12932.0 60.0 96.0 if
14020.0 12904.0 396.0 128.0 fiiimji'i
14504.0 12920.0 388.0 120.0 jai,,.
14924.0 12980.0 56.0 44.0 ii,
15016.0 12940.0 288.0 80.0 il"1

12440.0 13076.0 444.0 112.0 beating
12964.0 13076.0 184.0 92.0 the
13236.0 13076.0 388.0 96.0 record
13692.0 13080.0 116.0 92.0 of
13884.0 13092.0 444.0 88.0 anp'htr
14392.0 13096.0 116.0 92.0 6f
14560.0 13092.0 200.0 100.0 her

12436.0 13240.0 292.0 96.0 bens,
12792.0 13232.0 484.0 88.0 mention
13352.0 13228.0 120.0 92.0 of
13528.0 13236.0 356.0 88.0 which
13940.0 13264.0 220.0 64.0 was
14240.0 13248.0 320.0 92.0 mads
14628.0 13260.0 116.0 84.0 In

12432.0 13372.0 300.0 96.0 these
12780.0 13380.0 492.0 88.0 columns
13316.0 13388.0 116.0 84.0 at
13472.0 13388.0 184.0 84.0 the
13704.0 13388.0 300.0 92.0 time.
14140.0 13392.0 244.0 112.0 But,
14416.0 13396.0 324.0 96.0 while

12424.0 13524.0 600.0 116.0 displaying
13084.0 13528.0 220.0 92.0 this
13356.0 13528.0 332.0 92.0 latest
13732.0 13560.0 680.0 96.0 over-grown
14488.0 13548.0 208.0 96.0 hen-

12432.0 13676.0 264.0 92.0 fruit
12748.0 13676.0 208.0 92.0 and
13012.0 13676.0 528.0 120.0 bragging
13592.0 13696.0 328.0 84.0 about
13976.0 13692.0 92.0 88.0 it
14120.0 13704.0 104.0 80.0 to
14284.0 13700.0 448.0 112.0 friends,

12424.0 13828.0 184.0 92.0 the
12716.0 13832.0 816.0 116.0 unfortunately
13660.0 13832.0 484.0 124.0 dropped
14260.0 13848.0 192.0 92.0 the
14564.0 13852.0 180.0 116.0 big

12420.0 13976.0 520.0 120.0 curiosity
12996.0 13976.0 216.0 96.0 and
13260.0 13984.0 464.0 120.0 thereby
13808.0 13992.0 356.0 96.0 ended
14252.0 14004.0 192.0 88.0 the
14520.0 14000.0 164.0 96.0 dis-

12420.0 14132.0 460.0 92.0 cussion.
12532.0 14348.0 228.0 88.0 The
12820.0 14344.0 724.0 116.0 "Company"
13600.0 14352.0 196.0 92.0 has
13828.0 14352.0 352.0 120.0 begun
14224.0 14364.0 516.0 128.0 brushing

12420.0 14492.0 212.0 96.0 and
12684.0 14492.0 660.0 120.0 developing
13396.0 14504.0 460.0 92.0 another
13932.0 14512.0 296.0 108.0 large
14288.0 14532.0 288.0 84.0 tract
14624.0 14532.0 120.0 88.0 ot

12420.0 14644.0 240.0 96.0 land
12756.0 14644.0 180.0 92.0 for
12988.0 14656.0 680.0 108.0 prospective
13752.0 14660.0 480.0 116.0 settlert,
14312.0 14672.0 180.0 88.0 the
14556.0 14672.0 180.0 100.0 old

12420.0 14792.0 348.0 96.0 Masse
12876.0 14796.0 312.0 116.0 place
13296.0 14800.0 212.0 96.0 and
13624.0 14804.0 184.0 92.0 the
13900.0 14808.0 260.0 96.0 land
14276.0 14816.0 96.0 96.0 in
14488.0 14824.0 248.0 100.0 that
14848.0 14828.0 32.0 24.0 '

12420.0 14944.0 456.0 120.0 viciuity
12884.0 14948.0 536.0 116.0 .between
13476.0 14956.0 180.0 88.0 the
13708.0 14952.0 252.0 120.0 high
14012.0 14964.0 212.0 92.0 and
14280.0 14968.0 196.0 96.0 low
14512.0 14976.0 220.0 96.0 lino

12420.0 15100.0 404.0 108.0 canals,
12880.0 15124.0 268.0 68.0 over
13192.0 15100.0 168.0 96.0 six
13412.0 15104.0 480.0 96.0 hundred
13948.0 15140.0 248.0 68.0 aces
14252.0 15120.0 108.0 92.0 in
14416.0 15124.0 184.0 96.0 all.

12532.0 15272.0 264.0 100.0 Miss
12892.0 15276.0 288.0 100.0 Eltie
13252.0 15284.0 392.0 116.0 Miller,
13720.0 15292.0 128.0 92.0 of
13928.0 15300.0 516.0 116.0 Spartan,
14512.0 15308.0 212.0 120.0 111,,

12420.0 15428.0 424.0 96.0 arrived
12896.0 15432.0 220.0 92.0 thie
13168.0 15440.0 300.0 88.0 week
13540.0 15444.0 168.0 88.0 for
13760.0 15472.0 60.0 64.0 a
13876.0 15448.0 264.0 92.0 visit
14196.0 15456.0 264.0 92.0 with
14532.0 15464.0 200.0 92.0 her

12420.0 15584.0 344.0 108.0 sister,
12828.0 15584.0 252.0 92.0 Mrt.
13148.0 15588.0 124.0 92.0 D.
13344.0 15596.0 132.0 88.0 A.
13540.0 15592.0 532.0 100.0 Webster.

13536.0 15836.0 52.0 28.0 -

12544.0 16068.0 496.0 264.0 High
13188.0 16076.0 656.0 224.0 School
14004.0 16092.0 548.0 228.0 Notes

12520.0 16612.0 228.0 96.0 The
12848.0 16616.0 672.0 120.0 Sophomore
13652.0 16632.0 452.0 120.0 History
14216.0 16644.0 304.0 92.0 Class
14632.0 16652.0 92.0 92.0 is

12404.0 16764.0 520.0 120.0 studying
12952.0 16772.0 180.0 88.0 the
13172.0 16776.0 584.0 116.0 principles
13788.0 16788.0 112.0 88.0 of
13932.0 16784.0 796.0 112.0 international

12412.0 16944.0 192.0 64.0 iaw
12644.0 16920.0 220.0 92.0 and
12912.0 16948.0 200.0 68.0 our
13164.0 16920.0 504.0 104.0 Mexican
13720.0 16936.0 396.0 120.0 policy.

12520.0 17076.0 92.0 88.0 A
12672.0 17072.0 572.0 112.0 "try-out"
13352.0 17076.0 124.0 92.0 of
13572.0 17080.0 336.0 120.0 grade
13972.0 17092.0 376.0 96.0 school
14452.0 17100.0 272.0 120.0 boys

12408.0 17224.0 276.0 88.0 from
12832.0 17224.0 296.0 116.0 th.is
13324.0 17228.0 220.0 92.0 end
13720.0 17232.0 120.0 96.0 of
13968.0 17244.0 192.0 88.0 the
14328.0 17264.0 408.0 108.0 county

12504.0 17400.0 112.0 60.0 as
12712.0 17368.0 244.0 96.0 held
13048.0 17400.0 136.0 68.0 on
13280.0 17380.0 192.0 88.0 the
13568.0 17384.0 472.0 100.0 athletio
14140.0 17392.0 252.0 100.0 field
14508.0 17400.0 228.0 100.0 last

12400.0 17524.0 552.0 116.0 Saturday
13032.0 17524.0 104.0 92.0 in
13228.0 17528.0 192.0 92.0 the
13468.0 17528.0 332.0 100.0 midst
13848.0 17544.0 112.0 84.0 of
14016.0 17568.0 64.0 64.0 a
14136.0 17544.0 592.0 104.0 hurricsno

12392.0 17672.0 116.0 92.0 of
12544.0 17668.0 276.0 96.0 wind
12864.0 17672.0 208.0 96.0 and
13124.0 17672.0 284.0 100.0 dust.
13552.0 17680.0 88.0 92.0 A
13680.0 17708.0 368.0 92.0 young
14096.0 17688.0 176.0 100.0 lad
14324.0 17708.0 400.0 96.0 named

12404.0 17820.0 564.0 112.0 Hickman,
13036.0 17828.0 276.0 92.0 from
13372.0 17828.0 424.0 100.0 Beaver
13880.0 17836.0 532.0 120.0 Bottoms,
14488.0 17880.0 232.0 72.0 was

12396.0 17980.0 180.0 84.0 the
12624.0 17988.0 232.0 80.0 star
12904.0 17980.0 112.0 88.0 of
13068.0 17980.0 180.0 92.0 tbe
13304.0 17992.0 328.0 104.0 meet,
13696.0 17996.0 576.0 116.0 capturing
14324.0 18000.0 136.0 96.0 all
14532.0 18012.0 184.0 88.0 the

12396.0 18124.0 240.0 96.0 first
12684.0 18124.0 348.0 112.0 prizes
13084.0 18124.0 424.0 100.0 offered
13560.0 18132.0 260.0 100.0 him.

12512.0 18272.0 524.0 116.0 "Judge"
13096.0 18280.0 620.0 100.0 Pitch;ortb
13768.0 18288.0 244.0 96.0 held
14056.0 18312.0 296.0 80.0 coart
14384.0 18308.0 328.0 112.0 again

12392.0 18424.0 204.0 96.0 this
12640.0 18432.0 304.0 88.0 week
12980.0 18428.0 212.0 92.0 and
13248.0 18432.0 312.0 92.0 three
13600.0 18460.0 292.0 72.0 more
13936.0 18444.0 448.0 120.0 culprits
14428.0 18484.0 280.0 68.0 were

12384.0 18592.0 248.0 80.0 sent
12680.0 18588.0 112.0 84.0 to
12836.0 18580.0 184.0 88.0 tbe
13080.0 18580.0 664.0 116.0 "gallows."

12508.0 18732.0 200.0 88.0 Mr.
12760.0 18724.0 440.0 100.0 Nichols
13252.0 18736.0 112.0 84.0 of
13420.0 18728.0 312.0 100.0 Dixie
13772.0 18764.0 216.0 68.0 was
14044.0 18772.0 60.0 64.0 a
14160.0 18748.0 384.0 108.0 visitor
14588.0 18768.0 124.0 92.0 at

12388.0 18880.0 176.0 92.0 the
12624.0 18876.0 288.0 116.0 High
12972.0 18880.0 388.0 96.0 Sohool
13416.0 18884.0 212.0 92.0 last
13688.0 18888.0 432.0 124.0 Friday.

12496.0 19032.0 236.0 92.0 One
12788.0 19036.0 112.0 84.0 of
12952.0 19032.0 184.0 88.0 the
13188.0 19044.0 288.0 80.0 most
13524.0 19032.0 604.0 120.0 important
14164.0 19056.0 544.0 108.0 problems

12388.0 19180.0 680.0 96.0 undertaken
13124.0 19184.0 132.0 120.0 by
13304.0 19188.0 184.0 88.0 the
13544.0 19184.0 640.0 128.0 University
14224.0 19200.0 124.0 96.0 of
14408.0 19204.0 300.0 104.0 Utah

12380.0 19332.0 104.0 96.0 in
12532.0 19336.0 144.0 88.0 its
12728.0 19332.0 376.0 100.0 school
13156.0 19360.0 432.0 92.0 survey,
13648.0 19340.0 88.0 92.0 is
13796.0 19344.0 252.0 96.0 that
14096.0 19348.0 116.0 96.0 of
14256.0 19360.0 452.0 100.0 student

12380.0 19492.0 752.0 108.0 goTernment.
13320.0 19488.0 320.0 92.0 Since
13696.0 19496.0 188.0 92.0 tbe
13936.0 19508.0 768.0 104.0 organisation

12376.0 19640.0 108.0 84.0 of
12584.0 19632.0 448.0 96.0 student
13128.0 19656.0 728.0 96.0 government
13920.0 19648.0 112.0 92.0 lu
14136.0 19656.0 188.0 88.0 the
14424.0 19660.0 280.0 100.0 local

12376.0 19784.0 380.0 112.0 school,
12816.0 19784.0 436.0 96.0 Miiford
13332.0 19788.0 288.0 112.0 High
13672.0 19788.0 188.0 96.0 has
13912.0 19796.0 272.0 96.0 been
14244.0 19812.0 184.0 88.0 the
14516.0 19816.0 136.0 96.0 ob-

12368.0 19936.0 224.0 112.0 ject
12644.0 19936.0 116.0 92.0 of
12848.0 19936.0 320.0 92.0 much
13240.0 19944.0 556.0 92.0 attention
13876.0 19948.0 212.0 96.0 and
14188.0 19952.0 504.0 112.0 interest.

12376.0 20084.0 100.0 96.0 It
12548.0 20084.0 88.0 96.0 it
12728.0 20088.0 668.0 116.0 interesting
13464.0 20104.0 112.0 80.0 to
13644.0 20108.0 248.0 80.0 note
13964.0 20100.0 248.0 100.0 that
14300.0 20116.0 392.0 124.0 ninety

12368.0 20256.0 448.0 96.0 percent
12892.0 20240.0 116.0 92.0 of
13076.0 20240.0 188.0 96.0 the
13340.0 20240.0 508.0 100.0 students
13912.0 20276.0 112.0 68.0 so
14080.0 20272.0 612.0 116.0 governing

12364.0 20392.0 700.0 108.0 themselves,
13124.0 20420.0 188.0 64.0 are
13368.0 20396.0 344.0 92.0 under
13764.0 20396.0 380.0 100.0 fifteen
14208.0 20440.0 316.0 88.0 yeart
14572.0 20424.0 120.0 96.0 of

12364.0 20564.0 236.0 88.0 age.
12736.0 20544.0 228.0 88.0 Tbe
13016.0 20568.0 592.0 72.0 concensus
13664.0 20548.0 124.0 96.0 of
13852.0 20560.0 436.0 108.0 opinios,
14348.0 20564.0 100.0 96.0 in
14500.0 20576.0 184.0 92.0 the

12364.0 20692.0 356.0 92.0 school
12772.0 20692.0 88.0 92.0 is
12912.0 20696.0 248.0 88.0 that
13216.0 20696.0 176.0 92.0 the
13440.0 20700.0 452.0 96.0 student
13948.0 20736.0 732.0 88.0 government

12364.0 20840.0 176.0 92.0 hat
12600.0 20868.0 400.0 80.0 proven
13056.0 20872.0 60.0 64.0 a
13168.0 20872.0 456.0 72.0 tuccess.

12364.0 21060.0 16.0 48.0 !
12472.0 20988.0 264.0 96.0 Miss
12832.0 20992.0 420.0 96.0 Lucille
13344.0 21000.0 528.0 116.0 Rodgers,
13952.0 21016.0 524.0 124.0 formerly
14568.0 21036.0 112.0 88.0 of

12364.0 21124.0 440.0 112.0 'tVllkes'
12908.0 21144.0 332.0 92.0 Stock
13308.0 21144.0 608.0 128.0 Company,
13980.0 21168.0 212.0 96.0 will
14296.0 21180.0 248.0 104.0 give
14616.0 21212.0 60.0 64.0 a

12424.0 21296.0 468.0 92.0 ramatio
12948.0 21300.0 448.0 116.0 reading
13448.0 21300.0 104.0 96.0 in
13608.0 21308.0 184.0 92.0 the
13880.0 21312.0 284.0 120.0 High
14240.0 21328.0 424.0 116.0 School,

12364.0 21408.0 232.0 152.0 'lay
12652.0 21444.0 284.0 96.0 19th.

12464.0 21596.0 256.0 92.0 Miss
12864.0 21596.0 592.0 100.0 Winnifred
13628.0 21612.0 708.0 128.0 McDonough
14472.0 21636.0 204.0 92.0 hue

12404.0 21756.0 16.0 12.0 '
12456.0 21744.0 260.0 96.0 tned
12752.0 21776.0 132.0 88.0 up
12920.0 21760.0 112.0 80.0 to
13076.0 21760.0 320.0 84.0 teach
13444.0 21756.0 100.0 92.0 in
13580.0 21764.0 460.0 112.0 Spauiih
14088.0 21768.0 280.0 100.0 Fork
14400.0 21800.0 272.0 84.0 next

12364.0 21888.0 28.0 116.0 !
12476.0 21916.0 184.0 88.0 tm,
12720.0 21900.0 352.0 92.0 where
13124.0 21904.0 564.0 96.0 Professor
13768.0 21916.0 428.0 116.0 Draper
14248.0 21932.0 216.0 96.0 will
14532.0 21936.0 128.0 92.0 he

12608.0 22204.0 88.0 92.0 it
12780.0 22200.0 508.0 112.0 probable
13372.0 22208.0 248.0 96.0 that
13692.0 22216.0 564.0 100.0 Profetior
14328.0 22232.0 332.0 120.0 Noel,

12472.0 22340.0 400.0 104.0 iiuctor
12908.0 22352.0 100.0 92.0 in
13060.0 22360.0 676.0 92.0 meohanioal
13780.0 22380.0 256.0 96.0 arts,
14080.0 22376.0 212.0 92.0 will
14332.0 22388.0 320.0 92.0 teach

12480.0 22492.0 524.0 104.0 llurdook
13036.0 22504.0 560.0 120.0 Aeadamy
13636.0 22516.0 184.0 88.0 the
13856.0 22520.0 432.0 124.0 comiug
14328.0 22540.0 324.0 116.0 term,

12476.0 22664.0 272.0 96.0 tt
12792.0 22660.0 384.0 104.0 school
13220.0 22660.0 96.0 104.0 is
13372.0 22664.0 452.0 132.0 bidding
13876.0 22668.0 176.0 108.0 for
