15452 22588
5856.0 680.0 692.0 108.0 P.EAVER
6628.0 680.0 708.0 116.0 COUNTY
7416.0 692.0 524.0 112.0 NEWS.
8024.0 696.0 832.0 112.0 MILFORD.
8932.0 696.0 488.0 108.0 UTAH
15376.0 660.0 16.0 120.0 I

456.0 1040.0 656.0 400.0 STATE
1224.0 1048.0 1344.0 400.0 GUARDSMEN

560.0 1512.0 2176.0 408.0 MLLEDMRDffl

452.0 2316.0 504.0 84.0 MILITIA
1024.0 2320.0 168.0 80.0 OF
1260.0 2324.0 472.0 92.0 TEXAS,
1804.0 2324.0 588.0 84.0 ARIZONA
2472.0 2332.0 272.0 80.0 AND

724.0 2460.0 296.0 76.0 NEW
1136.0 2460.0 500.0 80.0 MEXICO
1740.0 2460.0 168.0 84.0 TO
2012.0 2464.0 220.0 80.0 AID
2344.0 2464.0 120.0 84.0 IN

1092.0 2592.0 528.0 84.0 PATROL
1712.0 2596.0 392.0 88.0 DUTY.

448.0 2980.0 380.0 76.0 Eleven
944.0 2980.0 560.0 84.0 Thousand
1624.0 2984.0 600.0 88.0 Additional
2340.0 2992.0 404.0 108.0 Troops

584.0 3116.0 456.0 80.0 Ordered
1124.0 3124.0 104.0 76.0 to
1316.0 3120.0 176.0 80.0 the
1588.0 3120.0 392.0 84.0 Border
2056.0 3128.0 112.0 80.0 to
2252.0 3128.0 352.0 84.0 Assist

704.0 3252.0 92.0 80.0 in
892.0 3252.0 596.0 104.0 Protecting
1572.0 3256.0 620.0 88.0 Americans
2276.0 3264.0 196.0 84.0 and

968.0 3388.0 576.0 104.0 Searching
1644.0 3392.0 172.0 80.0 for
1916.0 3396.0 300.0 84.0 Villa.

568.0 3712.0 712.0 100.0 Washington.
1428.0 3720.0 296.0 88.0 State
1784.0 3724.0 628.0 88.0 militiamen
2476.0 3732.0 268.0 84.0 from

440.0 3848.0 476.0 100.0 Arizona,
1004.0 3852.0 252.0 84.0 New
1348.0 3856.0 404.0 88.0 Mexico
1840.0 3864.0 204.0 84.0 and
2136.0 3868.0 340.0 84.0 Texas
2564.0 3892.0 180.0 60.0 are

440.0 3992.0 108.0 76.0 to
636.0 3988.0 332.0 80.0 assist
1056.0 3988.0 172.0 88.0 the
1320.0 3996.0 448.0 84.0 soldiers
1856.0 4000.0 112.0 84.0 of
2052.0 4000.0 180.0 84.0 the
2324.0 4004.0 424.0 96.0 regular

440.0 4140.0 292.0 80.0 army
792.0 4124.0 100.0 80.0 In
960.0 4124.0 376.0 84.0 border
1400.0 4132.0 328.0 96.0 guard
1792.0 4132.0 280.0 100.0 duty.

568.0 4256.0 556.0 88.0 President
1216.0 4260.0 400.0 88.0 Wilson
1716.0 4288.0 132.0 64.0 on
2012.0 4272.0 492.0 100.0 Tuesday
2600.0 4300.0 120.0 60.0 or-

440.0 4392.0 312.0 84.0 dered
824.0 4396.0 264.0 96.0 1,000
1152.0 4408.0 300.0 76.0 coast
1512.0 4400.0 480.0 104.0 artillery
2056.0 4408.0 272.0 80.0 from
2396.0 4412.0 316.0 80.0 Atlan-

440.0 4528.0 144.0 84.0 tic
652.0 4532.0 452.0 84.0 stations
1176.0 4536.0 204.0 84.0 and
1460.0 4536.0 204.0 84.0 five
1736.0 4536.0 508.0 88.0 batteries
2320.0 4544.0 112.0 84.0 of
2504.0 4548.0 244.0 84.0 field

436.0 4664.0 476.0 104.0 artillery
996.0 4672.0 268.0 84.0 from
1344.0 4676.0 248.0 84.0 Fort
1672.0 4676.0 224.0 100.0 Sill,
1976.0 4680.0 328.0 100.0 Okla.,
2380.0 4692.0 108.0 76.0 to
2568.0 4688.0 180.0 80.0 the

440.0 4804.0 476.0 84.0 Mexican
988.0 4808.0 404.0 88.0 border.

564.0 4940.0 340.0 92.0 These
968.0 4944.0 348.0 84.0 forces
1380.0 4948.0 208.0 84.0 will
1640.0 4948.0 528.0 88.0 reinforce
2236.0 4952.0 176.0 84.0 the
2476.0 4956.0 268.0 96.0 7,000

432.0 5072.0 472.0 104.0 infantry
956.0 5080.0 200.0 84.0 and
1212.0 5084.0 380.0 88.0 militia
1644.0 5088.0 440.0 84.0 ordered
2144.0 5096.0 104.0 76.0 to
2304.0 5092.0 176.0 84.0 the
2528.0 5092.0 192.0 84.0 bor-

440.0 5212.0 188.0 80.0 der
684.0 5216.0 384.0 84.0 earlier
1124.0 5216.0 108.0 84.0 in
1292.0 5220.0 180.0 84.0 the
1532.0 5220.0 232.0 100.0 day.
1888.0 5224.0 284.0 84.0 With
2240.0 5228.0 176.0 84.0 the
2476.0 5228.0 268.0 96.0 3,000

436.0 5352.0 452.0 80.0 recruits
948.0 5356.0 472.0 104.0 recently
1476.0 5364.0 240.0 76.0 sent
1772.0 5360.0 100.0 84.0 to
1928.0 5360.0 380.0 84.0 border
2364.0 5364.0 380.0 100.0 points,

432.0 5484.0 220.0 80.0 this
736.0 5488.0 200.0 80.0 will
1020.0 5488.0 236.0 96.0 give
1332.0 5492.0 448.0 84.0 General
1856.0 5496.0 472.0 84.0 Funston
2416.0 5500.0 328.0 92.0 11,000

432.0 5620.0 584.0 88.0 additional
1096.0 5632.0 352.0 96.0 troops
1520.0 5636.0 104.0 80.0 to
1696.0 5632.0 528.0 84.0 reinforce
2296.0 5636.0 168.0 80.0 his
2528.0 5636.0 188.0 84.0 bor-

440.0 5756.0 184.0 80.0 der
712.0 5764.0 344.0 96.0 patrol
1140.0 5784.0 116.0 64.0 or
1340.0 5768.0 104.0 80.0 to
1528.0 5764.0 532.0 88.0 reinforce
2148.0 5768.0 176.0 88.0 the
2412.0 5772.0 332.0 92.0 12,000

432.0 5912.0 240.0 64.0 men
748.0 5896.0 100.0 84.0 in
920.0 5896.0 448.0 88.0 General
1432.0 5900.0 608.0 104.0 Pershing's
2112.0 5908.0 600.0 100.0 expedition-

432.0 6052.0 192.0 76.0 ary
708.0 6052.0 328.0 80.0 army.

564.0 6164.0 280.0 88.0 With
940.0 6168.0 268.0 96.0 8,000
1292.0 6172.0 588.0 84.0 additional
1964.0 6180.0 360.0 96.0 troops
2416.0 6180.0 332.0 84.0 under

432.0 6304.0 368.0 88.0 orders
872.0 6304.0 160.0 84.0 for
1092.0 6304.0 184.0 88.0 the
1332.0 6308.0 484.0 88.0 Mexican
1884.0 6312.0 408.0 100.0 border,
2364.0 6312.0 348.0 88.0 includ-

440.0 6436.0 176.0 100.0 ing
700.0 6440.0 268.0 96.0 -1,000
1060.0 6440.0 472.0 88.0 national
1684.0 6448.0 636.0 96.0 guardsmen
2472.0 6452.0 268.0 88.0 from

436.0 6576.0 480.0 92.0 Arizona,
1004.0 6576.0 252.0 84.0 New
1344.0 6580.0 408.0 84.0 Mexico
1836.0 6584.0 204.0 84.0 and
2128.0 6588.0 372.0 96.0 Texas,
2580.0 6588.0 132.0 84.0 ad-

436.0 6712.0 716.0 88.0 ministration
1248.0 6716.0 452.0 84.0 officials
1796.0 6720.0 196.0 88.0 felt
2080.0 6724.0 232.0 84.0 that
2392.0 6744.0 320.0 64.0 neces-

448.0 6864.0 232.0 80.0 tary
752.0 6856.0 292.0 96.0 steps
1120.0 6852.0 196.0 88.0 had
1396.0 6856.0 260.0 84.0 been
1728.0 6856.0 320.0 88.0 taken
2120.0 6864.0 108.0 80.0 to
2300.0 6868.0 444.0 100.0 prevent

436.0 6984.0 416.0 88.0 further
960.0 6988.0 408.0 100.0 raiding
1480.0 6992.0 108.0 84.0 of
1692.0 6996.0 568.0 84.0 American
2360.0 6996.0 380.0 88.0 border

436.0 7120.0 336.0 84.0 towns
844.0 7120.0 132.0 104.0 by
1052.0 7124.0 448.0 88.0 bandits.

564.0 7252.0 112.0 88.0 In
756.0 7260.0 472.0 84.0 addition
1312.0 7268.0 108.0 80.0 to
1500.0 7264.0 180.0 88.0 the
1764.0 7264.0 200.0 88.0 five
2036.0 7264.0 516.0 92.0 batteries
2632.0 7272.0 108.0 88.0 of

436.0 7388.0 240.0 88.0 field
736.0 7396.0 480.0 104.0 artillery
1272.0 7400.0 440.0 88.0 ordered
1772.0 7404.0 268.0 84.0 from
2096.0 7408.0 256.0 84.0 Fort
2400.0 7408.0 224.0 100.0 Sill,
2676.0 7432.0 64.0 60.0 a

436.0 7528.0 420.0 104.0 battery
908.0 7536.0 112.0 80.0 of
1076.0 7536.0 172.0 84.0 the
1304.0 7536.0 320.0 88.0 Third
1684.0 7540.0 236.0 84.0 field
1972.0 7544.0 508.0 100.0 artillery,
2540.0 7548.0 172.0 80.0 sta-

432.0 7664.0 360.0 88.0 tioned
868.0 7676.0 112.0 80.0 at
1056.0 7672.0 252.0 88.0 Fort
1388.0 7672.0 324.0 104.0 Myer,
1796.0 7676.0 184.0 88.0 but
2056.0 7700.0 236.0 64.0 now
2368.0 7684.0 120.0 80.0 at
2564.0 7684.0 172.0 84.0 the

432.0 7800.0 680.0 104.0 Tobyhanna,
1172.0 7808.0 208.0 100.0 Pa.,
1444.0 7832.0 336.0 80.0 camp,
1844.0 7836.0 216.0 64.0 was
2124.0 7816.0 440.0 88.0 ordered
2636.0 7820.0 100.0 84.0 to

428.0 7932.0 248.0 88.0 hold
760.0 7940.0 296.0 84.0 itself
1132.0 7944.0 104.0 84.0 In
1324.0 7948.0 552.0 88.0 readiness
1960.0 7952.0 108.0 84.0 to
2148.0 7972.0 128.0 80.0 go
2364.0 7956.0 108.0 84.0 to
2560.0 7956.0 176.0 84.0 the

428.0 8068.0 408.0 92.0 border.

560.0 8208.0 220.0 84.0 The
840.0 8212.0 404.0 88.0 Second
1308.0 8216.0 428.0 104.0 cavalry
1792.0 8220.0 92.0 84.0 is
1940.0 8220.0 180.0 88.0 the
2180.0 8228.0 244.0 100.0 only
2480.0 8228.0 224.0 96.0 regi-

428.0 8348.0 292.0 80.0 ment
792.0 8348.0 108.0 84.0 of
972.0 8348.0 384.0 88.0 mobile
1436.0 8360.0 296.0 96.0 trops
1808.0 8360.0 188.0 80.0 not
2068.0 8360.0 484.0 88.0 included
2632.0 8364.0 104.0 80.0 in

428.0 8480.0 180.0 84.0 the
676.0 8492.0 364.0 76.0 recent
1104.0 8488.0 364.0 84.0 orders
1536.0 8496.0 108.0 80.0 to
1712.0 8492.0 176.0 84.0 the
1956.0 8492.0 408.0 92.0 border.
2488.0 8500.0 96.0 84.0 It
2648.0 8500.0 88.0 84.0 is

428.0 8616.0 644.0 88.0 understood
1160.0 8624.0 180.0 84.0 the
1424.0 8648.0 200.0 64.0 one
1712.0 8632.0 528.0 96.0 squadron
2332.0 8632.0 108.0 84.0 of
2520.0 8636.0 212.0 84.0 this

424.0 8752.0 520.0 100.0 regiment
1000.0 8764.0 112.0 80.0 at
1172.0 8760.0 256.0 84.0 Fort
1484.0 8764.0 300.0 100.0 Myer
1844.0 8768.0 204.0 84.0 and
2116.0 8764.0 200.0 88.0 two
2376.0 8772.0 328.0 100.0 squad-

424.0 8904.0 252.0 68.0 rons
768.0 8896.0 112.0 80.0 at
976.0 8892.0 248.0 88.0 Fort
1316.0 8896.0 352.0 88.0 Ethan
1764.0 8904.0 340.0 100.0 Allen,
2196.0 8908.0 536.0 100.0 Vermont,

424.0 9024.0 212.0 84.0 will
692.0 9024.0 128.0 88.0 be
884.0 9028.0 172.0 84.0 the
1112.0 9040.0 248.0 76.0 next
1420.0 9036.0 440.0 88.0 ordered
1928.0 9040.0 104.0 84.0 to
2092.0 9040.0 176.0 88.0 the
2324.0 9040.0 404.0 92.0 border.

548.0 9164.0 216.0 80.0 The
836.0 9168.0 264.0 84.0 total
1160.0 9176.0 300.0 80.0 coast
1524.0 9172.0 484.0 104.0 artillery
2072.0 9180.0 484.0 100.0 strength
2628.0 9180.0 104.0 84.0 of

420.0 9296.0 180.0 84.0 the
664.0 9320.0 296.0 84.0 army
1024.0 9304.0 92.0 84.0 is
1176.0 9304.0 180.0 88.0 175
1424.0 9308.0 824.0 92.0 commissioned
2304.0 9316.0 424.0 84.0 officers

416.0 9436.0 208.0 84.0 and
712.0 9436.0 336.0 96.0 19,321
1144.0 9444.0 456.0 88.0 enlisted
1684.0 9468.0 272.0 68.0 men.

544.0 9572.0 352.0 88.0 About
952.0 9576.0 272.0 92.0 4,000
1280.0 9580.0 112.0 84.0 of
1444.0 9584.0 300.0 84.0 these
1796.0 9604.0 180.0 64.0 are
2036.0 9580.0 528.0 92.0 stationed
2624.0 9588.0 104.0 84.0 in

0.0 9684.0 392.0 632.0 7""
424.0 9704.0 180.0 92.0 the
660.0 9708.0 684.0 108.0 Philippines,
1404.0 9716.0 356.0 100.0 Guam,
1820.0 9720.0 412.0 88.0 Hawaii
2284.0 9724.0 208.0 84.0 and
2548.0 9724.0 180.0 88.0 the

424.0 9836.0 304.0 80.0 canal
804.0 9856.0 284.0 64.0 zone.

556.0 9956.0 220.0 84.0 The
860.0 9960.0 264.0 84.0 total
1212.0 9960.0 440.0 88.0 number
1736.0 9964.0 112.0 84.0 at
1932.0 9972.0 300.0 92.0 posts
2320.0 9988.0 136.0 68.0 on
2548.0 9968.0 176.0 88.0 the

428.0 10076.0 416.0 100.0 Pacific,
948.0 10084.0 468.0 84.0 Atlantic
1524.0 10088.0 208.0 84.0 and
1840.0 10088.0 228.0 96.0 gulf
2172.0 10096.0 356.0 80.0 coasts
2628.0 10092.0 96.0 84.0 is

420.0 10200.0 328.0 84.0 about
816.0 10200.0 328.0 96.0 15,000
1208.0 10224.0 268.0 68.0 men.

616.0 10444.0 636.0 88.0 STEAMER
1348.0 10452.0 528.0 88.0 BREAKS
1972.0 10456.0 120.0 84.0 IN
2184.0 10456.0 340.0 88.0 TWO.

424.0 10688.0 204.0 84.0 Ore
708.0 10688.0 252.0 108.0 Ship
1040.0 10716.0 124.0 60.0 on
1248.0 10696.0 316.0 84.0 Great
1644.0 10696.0 332.0 88.0 Lakes
2056.0 10700.0 268.0 88.0 Goes
2408.0 10704.0 312.0 84.0 Down

884.0 10832.0 276.0 80.0 With
1260.0 10832.0 436.0 108.0 Twenty
1792.0 10836.0 476.0 88.0 Victims.

548.0 10992.0 300.0 84.0 Sault
952.0 10992.0 208.0 88.0 Ste.
1272.0 10996.0 368.0 100.0 Marie,
1748.0 11000.0 312.0 88.0 Mich.
2192.0 11004.0 172.0 84.0 All
2468.0 11028.0 252.0 64.0 save

420.0 11128.0 204.0 84.0 two
688.0 11128.0 112.0 84.0 of
864.0 11128.0 176.0 88.0 the
1112.0 11136.0 640.0 100.0 twenty-two
1820.0 11160.0 440.0 80.0 persons
2328.0 11144.0 392.0 84.0 aboard

424.0 11284.0 272.0 64.0 were
756.0 11264.0 496.0 92.0 drowned
1312.0 11272.0 300.0 84.0 when
1680.0 11276.0 176.0 84.0 the
1916.0 11280.0 464.0 84.0 steamer
2444.0 11280.0 96.0 88.0 S.
2604.0 11284.0 116.0 84.0 R.

420.0 11400.0 328.0 100.0 Kirby
828.0 11404.0 112.0 84.0 of
1016.0 11404.0 176.0 88.0 the
1268.0 11408.0 808.0 92.0 Northwestern
2156.0 11416.0 540.0 104.0 Transpor-

420.0 11536.0 332.0 84.0 tation
828.0 11560.0 516.0 84.0 company
1420.0 11548.0 112.0 84.0 of
1604.0 11548.0 412.0 88.0 Detroit
2084.0 11552.0 208.0 84.0 and
2372.0 11552.0 316.0 88.0 Cleve-

424.0 11672.0 240.0 88.0 land
740.0 11676.0 320.0 84.0 broke
1140.0 11680.0 108.0 84.0 in
1316.0 11684.0 204.0 84.0 two
1596.0 11684.0 380.0 104.0 during
2048.0 11708.0 60.0 64.0 a
2180.0 11692.0 328.0 84.0 storm
2588.0 11704.0 152.0 72.0 on'

420.0 11808.0 284.0 92.0 Lake
788.0 11812.0 500.0 100.0 Superior
1364.0 11820.0 204.0 84.0 and
1652.0 11820.0 292.0 88.0 sank.
2092.0 11824.0 224.0 88.0 The
2400.0 11828.0 288.0 84.0 disas-

420.0 11948.0 160.0 80.0 ter
640.0 11952.0 500.0 84.0 occurred
1204.0 11952.0 244.0 84.0 four
1504.0 11956.0 308.0 88.0 miles
1872.0 11956.0 148.0 88.0 off
2076.0 11960.0 332.0 100.0 Eagle
2468.0 11964.0 224.0 84.0 Har-

420.0 12076.0 216.0 100.0 bor,
728.0 12084.0 308.0 88.0 Mich.
1192.0 12088.0 224.0 88.0 The
1504.0 12092.0 236.0 104.0 ship
1832.0 12116.0 220.0 64.0 was
2136.0 12100.0 384.0 88.0 valued
2608.0 12104.0 112.0 84.0 at

424.0 12200.0 484.0 104.0 $100,000.

736.0 12456.0 348.0 88.0 Texan
1176.0 12464.0 388.0 84.0 Favors
1656.0 12424.0 684.0 124.0 l-"

700.0 12700.0 412.0 104.0 Austin,
1192.0 12700.0 368.0 80.0 Texas.
1700.0 12696.0 544.0 84.0 Governor
2320.0 12688.0 368.0 84.0 James
2768.0 12680.0 112.0 88.0 E.

584.0 12836.0 536.0 96.0 Ferguson
1176.0 12832.0 104.0 88.0 6.
1340.0 12832.0 340.0 84.0 Texas
1736.0 12828.0 192.0 84.0 has
1984.0 12824.0 360.0 88.0 issued
2396.0 12844.0 60.0 64.0 a
2516.0 12820.0 368.0 100.0 signed

584.0 12976.0 576.0 84.0 statement
1244.0 12972.0 108.0 80.0 in
1436.0 12968.0 344.0 84.0 which
1864.0 12964.0 136.0 84.0 he
2088.0 12960.0 488.0 88.0 declared
2652.0 12956.0 236.0 88.0 that

588.0 13132.0 224.0 64.0 now
896.0 13132.0 216.0 60.0 was
1192.0 13108.0 184.0 84.0 the
1448.0 13124.0 384.0 84.0 proper
1912.0 13100.0 264.0 84.0 time
2248.0 13100.0 172.0 80.0 for
2500.0 13092.0 388.0 92.0 United

588.0 13248.0 356.0 84.0 States
1028.0 13240.0 716.0 88.0 intervention
1828.0 13236.0 108.0 84.0 in
2024.0 13236.0 444.0 96.0 Mexico,
2556.0 13236.0 108.0 80.0 to
2744.0 13248.0 116.0 68.0 re-

588.0 13392.0 284.0 76.0 store
932.0 13384.0 312.0 84.0 order
1304.0 13380.0 108.0 84.0 in
1468.0 13380.0 240.0 84.0 that
1768.0 13380.0 472.0 96.0 country,
2300.0 13372.0 88.0 84.0 if
2444.0 13368.0 88.0 88.0 it
2592.0 13364.0 300.0 92.0 takes

588.0 13516.0 176.0 76.0 ten
828.0 13528.0 120.0 64.0 or
1016.0 13504.0 236.0 104.0 fiS'y
1312.0 13524.0 340.0 80.0 years.

1044.0 13756.0 544.0 104.0 Daughter
1668.0 13748.0 268.0 88.0 Kills
2020.0 13748.0 440.0 84.0 Mother.

724.0 13908.0 148.0 88.0 St.
972.0 13908.0 348.0 96.0 Louis,
1416.0 13904.0 200.0 84.0 Mo.
1756.0 13900.0 248.0 84.0 Mrs.
2108.0 13896.0 340.0 84.0 Helen
2540.0 13892.0 360.0 84.0 Moore

596.0 14048.0 240.0 88.0 shot
888.0 14048.0 208.0 84.0 and
1148.0 14044.0 328.0 84.0 killed
1520.0 14040.0 188.0 88.0 her
1756.0 14036.0 448.0 100.0 mother,
2260.0 14036.0 248.0 84.0 Mrs.
2564.0 14028.0 336.0 104.0 Helen,

600.0 14188.0 304.0 96.0 Paus,
988.0 14184.0 492.0 100.0 Tuesday
1560.0 14180.0 276.0 88.0 after
1920.0 14196.0 60.0 68.0 a
2060.0 14168.0 448.0 108.0 quarrel.
2656.0 14164.0 248.0 92.0 Mrs.

600.0 14324.0 360.0 84.0 Moore
1024.0 14344.0 220.0 60.0 was
1304.0 14316.0 512.0 88.0 arrested.
1948.0 14316.0 204.0 84.0 She
2220.0 14312.0 216.0 84.0 told
2504.0 14308.0 180.0 88.0 the
2748.0 14328.0 128.0 84.0 po-

512.0 14516.0 32.0 24.0 .
604.0 14448.0 204.0 96.0 lice
888.0 14456.0 236.0 88.0 that
1204.0 14456.0 192.0 84.0 her
1472.0 14452.0 416.0 88.0 mother
1968.0 14452.0 336.0 84.0 threw
2388.0 14472.0 64.0 60.0 a
2528.0 14448.0 188.0 84.0 tub
2800.0 14448.0 108.0 84.0 at

604.0 14604.0 192.0 76.0 her
924.0 14592.0 208.0 92.0 and
1240.0 14592.0 368.0 88.0 struck
1712.0 14588.0 188.0 88.0 her
2008.0 14588.0 256.0 84.0 with
2388.0 14608.0 64.0 64.0 a
600.0 14580.0 2280.0 228.0 washboard.

800.0 14972.0 624.0 88.0 Thousands
1496.0 14972.0 236.0 84.0 Join
1812.0 14964.0 456.0 100.0 Chicago
2344.0 14956.0 392.0 88.0 Strike.

732.0 15128.0 488.0 96.0 Chicago.
1360.0 15116.0 624.0 92.0 Thousands
2132.0 15112.0 108.0 88.0 of
2380.0 15104.0 540.0 92.0 workmen

608.0 15288.0 184.0 64.0 are
872.0 15288.0 128.0 64.0 on
1088.0 15260.0 332.0 88.0 strike
1504.0 15260.0 280.0 80.0 here.
1928.0 15252.0 512.0 88.0 Garment
2520.0 15244.0 400.0 84.0 cutters

612.0 15412.0 104.0 80.0 to
776.0 15400.0 180.0 88.0 the
1016.0 15400.0 444.0 84.0 number
1516.0 15392.0 108.0 88.0 of
1684.0 15388.0 416.0 88.0 several
2160.0 15376.0 528.0 96.0 thousand
2744.0 15396.0 176.0 64.0 are

612.0 15544.0 228.0 96.0 out;
940.0 15536.0 176.0 88.0 500
1168.0 15536.0 572.0 96.0 -employes
1892.0 15528.0 108.0 84.0 of
2140.0 15524.0 188.0 84.0 the
2464.0 15516.0 460.0 96.0 Chicago

616.0 15680.0 352.0 84.0 Screw
1036.0 15692.0 516.0 80.0 company
1616.0 15664.0 408.0 88.0 walked
2080.0 15664.0 228.0 96.0 out;
2388.0 15652.0 540.0 104.0 employes

616.0 15816.0 112.0 84.0 of
832.0 15816.0 176.0 84.0 the
1116.0 15800.0 768.0 92.0 International
1976.0 15796.0 592.0 88.0 Harvester
2668.0 15808.0 232.0 68.0 com-

620.0 15960.0 276.0 80.0 pany
976.0 15956.0 180.0 64.0 are
1240.0 15956.0 128.0 60.0 on
1452.0 15924.0 364.0 88.0 strike.
1868.0 15964.0 16.0 12.0 -

1004.0 16184.0 408.0 76.0 Denver
1480.0 16172.0 228.0 84.0 Will
1780.0 16172.0 208.0 100.0 Try
2060.0 16168.0 76.0 80.0 it
2200.0 16160.0 372.0 108.0 Again.

756.0 16336.0 440.0 80.0 Denver.
1336.0 16328.0 460.0 80.0 Returns
1884.0 16320.0 268.0 80.0 from
2244.0 16316.0 176.0 84.0 the
2508.0 16304.0 428.0 108.0 general

628.0 16468.0 572.0 100.0 municipal
1300.0 16460.0 456.0 88.0 election
1856.0 16456.0 460.0 84.0 indicate
2416.0 16468.0 60.0 68.0 a
2576.0 16448.0 364.0 84.0 return

632.0 16620.0 108.0 72.0 to
844.0 16608.0 176.0 84.0 the
1112.0 16600.0 472.0 104.0 mayoral
1684.0 16596.0 268.0 84.0 form
2044.0 16592.0 112.0 84.0 of
2252.0 16584.0 692.0 104.0 government

636.0 16748.0 280.0 80.0 after
1008.0 16744.0 208.0 80.0 less
1304.0 16740.0 256.0 84.0 than
1644.0 16736.0 208.0 80.0 two
1940.0 16748.0 312.0 84.0 years
2340.0 16720.0 340.0 88.0 under
2768.0 16720.0 176.0 84.0 the

636.0 16912.0 20.0 48.0 (
676.0 16880.0 636.0 84.0 -nmmission
1408.0 16876.0 264.0 80.0 form
1752.0 16868.0 208.0 84.0 and
2044.0 16864.0 180.0 88.0 the
2304.0 16856.0 456.0 88.0 election
2840.0 16852.0 108.0 88.0 o!

640.0 17020.0 392.0 84.0 Robert
1148.0 17016.0 108.0 84.0 V.
1340.0 17012.0 356.0 104.0 Speer,
1764.0 17008.0 400.0 84.0 former
2296.0 17016.0 400.0 84.0 mayor,
2828.0 17012.0 120.0 64.0 as

640.0 17164.0 392.0 80.0 mayor.

1068.0 17392.0 432.0 88.0 Powder
1568.0 17388.0 304.0 84.0 Plant
1944.0 17380.0 336.0 84.0 Blows
2348.0 17372.0 192.0 108.0 Up.

768.0 17544.0 292.0 92.0 Lake
1132.0 17544.0 660.0 100.0 Hopatcong,
1872.0 17532.0 124.0 88.0 N.
2076.0 17532.0 92.0 84.0 J.
2304.0 17524.0 256.0 84.0 Five
2640.0 17516.0 292.0 88.0 work-

648.0 17708.0 240.0 60.0 men
988.0 17704.0 276.0 64.0 were
1360.0 17676.0 328.0 88.0 killed
1776.0 17668.0 208.0 88.0 and
2080.0 17664.0 372.0 88.0 fifteen
2544.0 17652.0 416.0 104.0 injured

652.0 17824.0 300.0 84.0 when
1016.0 17820.0 296.0 84.0 three
1372.0 17808.0 540.0 104.0 dynamite
1968.0 17800.0 404.0 100.0 mixing
2428.0 17792.0 536.0 100.0 buildings

656.0 17968.0 104.0 80.0 at
860.0 17960.0 180.0 84.0 the
1124.0 17956.0 304.0 80.0 Atlas
1528.0 17944.0 440.0 88.0 Powder
2060.0 17952.0 520.0 84.0 company
2668.0 17928.0 292.0 104.0 plant

656.0 18108.0 112.0 76.0 at
860.0 18092.0 480.0 92.0 Landing
1440.0 18104.0 272.0 64.0 were
1816.0 18072.0 656.0 92.0 demolished
2568.0 18064.0 136.0 108.0 by
2808.0 18064.0 132.0 104.0 dy-

656.0 18216.0 400.0 88.0 namite
1128.0 18208.0 632.0 104.0 explosions.

1104.0 18460.0 476.0 100.0 Suffrage
1664.0 18452.0 96.0 80.0 in
1828.0 18448.0 184.0 84.0 the
2088.0 18440.0 448.0 88.0 Church.

788.0 18608.0 736.0 100.0 Minneapolis.
1580.0 18600.0 320.0 84.0 Minn.
2040.0 18588.0 540.0 92.0 Churches
2636.0 18580.0 340.0 88.0 which

672.0 18752.0 184.0 84.0 fall
928.0 18756.0 112.0 80.0 to
1108.0 18744.0 380.0 88.0 extend
1564.0 18752.0 100.0 68.0 to
1728.0 18752.0 408.0 64.0 women
2200.0 18724.0 532.0 88.0 members
2800.0 18716.0 180.0 88.0 the

672.0 18888.0 288.0 100.0 right
1028.0 18884.0 112.0 84.0 of
1212.0 18904.0 60.0 60.0 a
1348.0 18880.0 296.0 80.0 voice
1728.0 18872.0 100.0 84.0 in
1904.0 18868.0 280.0 88.0 their
2260.0 18860.0 368.0 88.0 affairs
2708.0 18872.0 276.0 68.0 were

676.0 19020.0 536.0 92.0 criticized
1300.0 19016.0 128.0 100.0 by
1516.0 19012.0 540.0 88.0 delegates
2140.0 19008.0 104.0 76.0 to
2328.0 19000.0 180.0 84.0 the
2592.0 18988.0 364.0 92.0 Missis-

680.0 19144.0 272.0 104.0 sippi
1032.0 19140.0 348.0 96.0 valley
1464.0 19132.0 460.0 96.0 suffrage
2004.0 19124.0 660.0 88.0 conference.

948.0 19384.0 532.0 88.0 Churchill
1564.0 19384.0 112.0 76.0 to
1768.0 19368.0 456.0 88.0 Succeed
2328.0 19360.0 400.0 84.0 Birrell.

816.0 19536.0 456.0 88.0 London.
1416.0 19524.0 428.0 88.0 Co'onel
1944.0 19520.0 488.0 84.0 Winston
2536.0 19512.0 460.0 100.0 Spencer

688.0 19672.0 540.0 92.0 Churchill
1308.0 19668.0 88.0 84.0 is
1476.0 19668.0 168.0 80.0 the
1720.0 19664.0 320.0 80.0 latest
2116.0 19652.0 600.0 104.0 prominent
2788.0 19664.0 184.0 84.0 per

692.0 19836.0 196.0 64.0 son
944.0 19804.0 608.0 88.0 mentioned
1616.0 19820.0 116.0 64.0 as
1800.0 19820.0 60.0 60.0 a
1920.0 19792.0 464.0 104.0 possible
2452.0 19804.0 544.0 68.0 successor

700.0 19960.0 104.0 76.0 to
880.0 19944.0 520.0 96.0 Augustin
1476.0 19932.0 380.0 92.0 Birrell
1920.0 19952.0 120.0 64.0 as
2116.0 19924.0 284.0 88.0 chief
2464.0 19924.0 532.0 92.0 secretary

700.0 20072.0 168.0 88.0 for
928.0 20064.0 444.0 88.0 Ireland.

1180.0 20312.0 240.0 80.0 Five
1520.0 20304.0 560.0 84.0 Workmen
2188.0 20292.0 376.0 84.0 Killed.

836.0 20464.0 252.0 88.0 New
1188.0 20456.0 312.0 88.0 York.
1640.0 20452.0 248.0 84.0 Five
2048.0 20444.0 536.0 84.0 workmen
2736.0 20456.0 272.0 64.0 were

708.0 20600.0 324.0 92.0 killed
1104.0 20600.0 104.0 80.0 in
1280.0 20596.0 172.0 84.0 the
1520.0 20588.0 540.0 100.0 explosion
2132.0 20580.0 100.0 84.0 in
2304.0 20580.0 176.0 84.0 the
2552.0 20576.0 296.0 100.0 plant
2912.0 20592.0 60.0 64.0 o

712.0 20744.0 184.0 84.0 the
956.0 20736.0 300.0 84.0 Atlas
1328.0 20728.0 432.0 84.0 Powder
1828.0 20736.0 512.0 84.0 company
2404.0 20716.0 108.0 80.0 at
2576.0 20712.0 180.0 84.0 the
2820.0 20708.0 192.0 84.0 end

716.0 20880.0 108.0 84.0 of
920.0 20872.0 288.0 88.0 Lake
1316.0 20868.0 656.0 96.0 Hopatcong,
2076.0 20852.0 568.0 96.0 according
2748.0 20852.0 108.0 80.0 to
2960.0 20868.0 44.0 68.0 a

716.0 21012.0 588.0 92.0 statement
1400.0 21000.0 356.0 88.0 issued
1864.0 20996.0 212.0 84.0 late
2244.0 20988.0 488.0 96.0 Tuesday
2888.0 20984.0 124.0 100.0 by

716.0 21148.0 564.0 92.0 President
1376.0 21140.0 152.0 84.0 W.
1628.0 21140.0 88.0 84.0 J.
1816.0 21132.0 520.0 84.0 Webster.

1124.0 21388.0 500.0 100.0 Casualty
1724.0 21380.0 216.0 84.0 List
2032.0 21376.0 92.0 84.0 in
2224.0 21368.0 404.0 88.0 Dublin.

848.0 21544.0 460.0 88.0 London.
1452.0 21536.0 216.0 84.0 The
1772.0 21524.0 576.0 88.0 casualties
2444.0 21520.0 104.0 84.0 in
2648.0 21512.0 364.0 92.0 Dublir

728.0 21688.0 104.0 84.0 In
900.0 21684.0 176.0 84.0 the
1132.0 21680.0 368.0 84.0 recent
1564.0 21668.0 476.0 104.0 uprising
2100.0 21680.0 276.0 64.0 were
2440.0 21656.0 176.0 84.0 124
2680.0 21652.0 312.0 84.0 killed

724.0 21820.0 180.0 92.0 388
988.0 21812.0 508.0 88.0 wounded
1572.0 21804.0 200.0 88.0 and
1856.0 21804.0 248.0 80.0 nine
2184.0 21796.0 444.0 96.0 missing
2764.0 21812.0 44.0 60.0 a

728.0 21960.0 148.0 88.0 tal
932.0 21956.0 112.0 88.0 of
1100.0 21952.0 168.0 88.0 521
1412.0 21964.0 376.0 76.0 among
1848.0 21940.0 164.0 84.0 his
2072.0 21932.0 548.0 100.0 majesty's
2680.0 21936.0 288.0 76.0 trojr,

736.0 22096.0 200.0 88.0 and
1004.0 22092.0 172.0 88.0 the
1244.0 22084.0 324.0 100.0 Royal
1636.0 22080.0 260.0 84.0 Irish
1960.0 22072.0 784.0 96.0 constabulary,
2812.0 22028.0 156.0 132.0 PrJ

736.0 22224.0 292.0 96.0 mier'
1072.0 22220.0 448.0 108.0 Asquith
1608.0 22208.0 652.0 96.0 announced.

2880.0 1064.0 936.0 328.0 GERMAN
3976.0 1080.0 1048.0 320.0 MACHINE

2992.0 1528.0 616.0 336.0 GUNS
3688.0 1544.0 560.0 320.0 MOW
4336.0 1536.0 672.0 320.0 DOWN

3064.0 2000.0 1000.0 336.0 RUSSIAN
4232.0 2000.0 920.0 328.0 MASSES

2888.0 2612.0 480.0 132.0 Terrific
3492.0 2620.0 568.0 124.0 Assaults
4180.0 2616.0 120.0 128.0 of
4412.0 2612.0 204.0 128.0 the
4740.0 2608.0 424.0 128.0 Czar's

3188.0 2828.0 532.0 128.0 Soldiers
3876.0 2832.0 100.0 124.0 in
4132.0 2828.0 236.0 128.0 Tea
4536.0 2824.0 324.0 148.0 Days

3536.0 3040.0 440.0 156.0 Bloody
4068.0 3036.0 436.0 132.0 Battle.

2872.0 3528.0 380.0 204.0 DEAD
3376.0 3528.0 408.0 204.0 PILED
3924.0 3520.0 340.0 208.0 HIGH
4420.0 3520.0 200.0 204.0 ON
4760.0 3516.0 396.0 208.0 FIELD

2868.0 4012.0 768.0 104.0 "Magnificent,
3692.0 4012.0 180.0 84.0 but
3932.0 4004.0 592.0 96.0 Criminal,"
4584.0 4004.0 264.0 104.0 Says
4900.0 4004.0 216.0 80.0 Teu-

3072.0 4172.0 176.0 76.0 ton
3348.0 4164.0 404.0 104.0 Officer,
3848.0 4164.0 92.0 80.0 in
4048.0 4160.0 608.0 104.0 Describing
4756.0 4160.0 152.0 80.0 Ad-

3192.0 4340.0 328.0 60.0 vance
3644.0 4316.0 292.0 84.0 Made
4056.0 4312.0 124.0 100.0 by
4300.0 4308.0 300.0 84.0 Slavs
4720.0 4308.0 92.0 80.0 in

3380.0 4476.0 256.0 80.0 Face
3680.0 4468.0 108.0 84.0 of
3828.0 4464.0 416.0 84.0 Certain
4300.0 4464.0 360.0 80.0 Death.

3120.0 4776.0 140.0 100.0 By
3328.0 4772.0 568.0 84.0 OSWALD
3976.0 4772.0 96.0 80.0 F.
4144.0 4764.0 752.0 88.0 SCHUETTE.

2872.0 4924.0 460.0 108.0 (Special
3472.0 4920.0 848.0 104.0 Correspondent
4448.0 4916.0 108.0 80.0 of
4692.0 4916.0 452.0 100.0 Chicago

3620.0 5060.0 288.0 100.0 Daily
3992.0 5056.0 380.0 104.0 News.)

2992.0 5192.0 276.0 84.0 With
3388.0 5192.0 284.0 84.0 Field
3796.0 5188.0 464.0 84.0 Marshal
4384.0 5208.0 192.0 64.0 von
4696.0 5184.0 420.0 88.0 Hinden-

2864.0 5328.0 344.0 100.0 burg's
3276.0 5332.0 440.0 92.0 Armies,
3796.0 5332.0 276.0 80.0 Near
4144.0 5332.0 516.0 96.0 Postawy,
4736.0 5324.0 408.0 84.0 Russia.

2988.0 5472.0 36.0 84.0 I
3080.0 5468.0 268.0 80.0 have
3404.0 5488.0 292.0 64.0 come
3748.0 5472.0 104.0 80.0 to
3908.0 5464.0 304.0 84.0 these
4272.0 5456.0 872.0 88.0 blood-drenched

2864.0 5600.0 636.0 88.0 battlefields
3600.0 5612.0 172.0 76.0 too
3872.0 5600.0 212.0 84.0 late
4188.0 5608.0 104.0 76.0 to
4396.0 5620.0 180.0 60.0 see
4676.0 5596.0 176.0 88.0 the
4952.0 5600.0 164.0 80.0 ter-

2864.0 5736.0 220.0 88.0 rific
3152.0 5740.0 464.0 84.0 assaults
3684.0 5740.0 108.0 84.0 of
3860.0 5740.0 180.0 84.0 the
4112.0 5744.0 300.0 92.0 great
4480.0 5732.0 452.0 84.0 Russian
5008.0 5732.0 108.0 84.0 of-

2868.0 5876.0 432.0 108.0 fensive,
3364.0 5900.0 112.0 60.0 so
3540.0 5876.0 36.0 84.0 I
3640.0 5896.0 188.0 64.0 can
3896.0 5876.0 240.0 100.0 only
4200.0 5872.0 184.0 88.0 tell
4444.0 5872.0 180.0 88.0 the
4688.0 5880.0 284.0 88.0 story
5040.0 5868.0 108.0 84.0 of

2864.0 6012.0 204.0 88.0 this
3160.0 6012.0 328.0 88.0 battle
3572.0 6012.0 228.0 88.0 that
3888.0 6012.0 320.0 100.0 raged
4296.0 6012.0 200.0 96.0 day
4584.0 6008.0 276.0 84.0 after
4944.0 6004.0 200.0 100.0 day

2864.0 6148.0 124.0 100.0 by
3048.0 6152.0 524.0 100.0 picturing
3628.0 6152.0 176.0 84.0 the
3868.0 6172.0 372.0 60.0 scenes
4304.0 6172.0 116.0 60.0 as
4480.0 6152.0 36.0 84.0 1
4584.0 6144.0 208.0 84.0 find
4856.0 6144.0 284.0 84.0 them

2860.0 6284.0 196.0 84.0 and
3132.0 6288.0 412.0 100.0 piecing
3608.0 6288.0 488.0 96.0 together
4164.0 6288.0 220.0 84.0 into
4456.0 6304.0 196.0 64.0 one
4724.0 6280.0 416.0 100.0 ghastly

2864.0 6424.0 392.0 84.0 mosaic
3344.0 6424.0 180.0 88.0 the
3608.0 6424.0 588.0 100.0 fragments
4284.0 6424.0 108.0 84.0 of
4480.0 6420.0 280.0 84.0 what
4852.0 6424.0 32.0 84.0 I
4976.0 6440.0 164.0 60.0 am

2860.0 6560.0 244.0 84.0 told.
3244.0 6560.0 40.0 84.0 I
3360.0 6564.0 264.0 80.0 have
3696.0 6560.0 356.0 88.0 talked
4132.0 6560.0 248.0 84.0 with
4456.0 6560.0 408.0 84.0 ofiicers
4940.0 6556.0 200.0 80.0 and

2860.0 6716.0 232.0 64.0 men
3196.0 6700.0 112.0 80.0 of
3400.0 6700.0 180.0 84.0 the
3680.0 6696.0 452.0 88.0 German
4236.0 6700.0 576.0 96.0 regiments
4912.0 6692.0 232.0 84.0 that

2860.0 6832.0 232.0 84.0 held
3144.0 6832.0 264.0 88.0 back
3464.0 6836.0 176.0 84.0 the
3692.0 6840.0 452.0 88.0 Russian
4196.0 6836.0 376.0 96.0 deluge
4620.0 6828.0 204.0 88.0 and
4876.0 6828.0 264.0 84.0 have

2860.0 6972.0 504.0 100.0 carefully
3432.0 6992.0 268.0 80.0 gone
3768.0 6996.0 248.0 60.0 over
4084.0 6972.0 180.0 88.0 the
4336.0 6972.0 632.0 84.0 statements
5036.0 6964.0 108.0 84.0 of

2860.0 7104.0 172.0 84.0 the
3096.0 7112.0 452.0 84.0 Russian
3612.0 7112.0 568.0 100.0 prisoners.

2980.0 7244.0 252.0 84.0 This
3312.0 7244.0 576.0 88.0 battlefield
3964.0 7248.0 456.0 84.0 consists
4496.0 7244.0 104.0 84.0 of
4668.0 7264.0 132.0 60.0 an
4872.0 7260.0 264.0 80.0 open

2856.0 7380.0 300.0 96.0 glade
3232.0 7388.0 172.0 80.0 cut
3476.0 7384.0 448.0 104.0 through
3996.0 7384.0 180.0 84.0 the
4248.0 7380.0 456.0 92.0 Russian
4780.0 7376.0 328.0 104.0 prime-

2860.0 7516.0 160.0 84.0 val
3100.0 7516.0 356.0 88.0 forest.
3604.0 7524.0 88.0 84.0 It
3768.0 7544.0 252.0 60.0 runs
4096.0 7520.0 384.0 84.0 almost
4556.0 7516.0 200.0 84.0 due
4824.0 7516.0 312.0 80.0 north

2856.0 7652.0 196.0 84.0 and
3144.0 7656.0 308.0 84.0 south
3536.0 7656.0 204.0 88.0 and
3832.0 7660.0 348.0 84.0 varies
4268.0 7660.0 100.0 80.0 in
4456.0 7652.0 324.0 84.0 width
4876.0 7652.0 264.0 80.0 from

2856.0 7788.0 172.0 92.0 400
3148.0 7796.0 104.0 80.0 to
3372.0 7792.0 268.0 100.0 1,500
3756.0 7796.0 344.0 100.0 yards.
4160.0 7764.0 16.0 20.0 '
4284.0 7792.0 220.0 88.0 The
4624.0 7788.0 516.0 88.0 Russians

2856.0 7948.0 268.0 68.0 were
3244.0 7932.0 620.0 84.0 intrenched
3984.0 7932.0 316.0 100.0 along
4416.0 7932.0 180.0 84.0 the
4716.0 7932.0 420.0 80.0 eastern

2856.0 8064.0 256.0 100.0 edge
3176.0 8068.0 112.0 80.0 of
3348.0 8068.0 216.0 88.0 this
3632.0 8072.0 484.0 100.0 opening,
4188.0 8068.0 304.0 84.0 while
4560.0 8064.0 184.0 88.0 the
4808.0 8064.0 332.0 84.0 forest

2856.0 8200.0 376.0 88.0 behind
3320.0 8208.0 392.0 84.0 offered
3804.0 8208.0 480.0 100.0 splendid
4368.0 8200.0 772.0 104.0 opportunities

2856.0 8340.0 160.0 84.0 for
3108.0 8344.0 612.0 100.0 concealing
3820.0 8348.0 656.0 80.0 movements
4576.0 8340.0 108.0 84.0 of
4780.0 8344.0 360.0 92.0 troops

2856.0 8476.0 196.0 84.0 and
3144.0 8484.0 824.0 96.0 emplacements
4064.0 8484.0 108.0 84.0 of
4256.0 8480.0 504.0 96.0 artillery,
4916.0 8472.0 224.0 84.0 The

2856.0 8612.0 440.0 88.0 German
3388.0 8620.0 268.0 84.0 lines
3736.0 8620.0 268.0 84.0 skirt
4084.0 8620.0 184.0 84.0 the
4344.0 8620.0 456.0 84.0 western
4880.0 8608.0 260.0 100.0 edge

2856.0 8748.0 104.0 84.0 of
3016.0 8752.0 176.0 84.0 the
3260.0 8756.0 332.0 96.0 r'ade.

3324.0 8932.0 336.0 80.0 Battle
3728.0 8928.0 304.0 84.0 Lasts
4084.0 8928.0 216.0 80.0 Ten
4368.0 8928.0 304.0 100.0 Days.

2972.0 9076.0 220.0 80.0 The
3284.0 9076.0 452.0 88.0 Russian
3824.0 9076.0 444.0 100.0 fighting
4352.0 9080.0 108.0 80.0 at
4548.0 9072.0 212.0 88.0 this
4848.0 9072.0 288.0 100.0 point

2856.0 9212.0 328.0 84.0 lasted
3316.0 9220.0 176.0 76.0 ten
3624.0 9212.0 260.0 100.0 days
4008.0 9212.0 364.0 84.0 before
4500.0 9200.0 180.0 96.0 the
4812.0 9208.0 324.0 84.0 czar's

2852.0 9356.0 352.0 92.0 troops
3264.0 9352.0 356.0 96.0 finally
3680.0 9372.0 264.0 76.0 gave
4000.0 9368.0 132.0 80.0 up
4192.0 9348.0 276.0 84.0 their
4520.0 9348.0 448.0 96.0 attempt
5032.0 9348.0 104.0 80.0 to

2856.0 9484.0 312.0 88.0 break
3240.0 9488.0 448.0 100.0 through
3768.0 9488.0 180.0 84.0 the
4020.0 9484.0 448.0 84.0 German
4540.0 9484.0 300.0 84.0 lines.
4980.0 9480.0 156.0 88.0 On

2860.0 9624.0 168.0 84.0 :he
3084.0 9628.0 228.0 84.0 first
3372.0 9624.0 200.0 100.0 day
3632.0 9624.0 180.0 84.0 the
3876.0 9624.0 452.0 84.0 Russian
4392.0 9620.0 188.0 84.0 fire
4644.0 9640.0 216.0 64.0 was
4916.0 9640.0 188.0 80.0 spo-

2860.0 9760.0 304.0 100.0 radic,
3232.0 9760.0 628.0 100.0 apparently
3928.0 9768.0 108.0 80.0 to
4108.0 9760.0 308.0 84.0 make
4484.0 9760.0 404.0 84.0 certain
4960.0 9756.0 180.0 84.0 the

2856.0 9916.0 312.0 84.0 range
3224.0 9900.0 108.0 84.0 of
3380.0 9900.0 180.0 84.0 the
3612.0 9920.0 296.0 76.0 guns.
4060.0 9896.0 288.0 96.0 Then
4400.0 9896.0 164.0 84.0 for
4616.0 9904.0 204.0 76.0 two
4876.0 9892.0 260.0 100.0 days

2860.0 10056.0 272.0 64.0 more
3216.0 10036.0 180.0 88.0 the
3484.0 10036.0 452.0 88.0 Russian
4032.0 10032.0 796.0 92.0 bombardment
4908.0 10052.0 192.0 64.0 con-

2860.0 10172.0 376.0 108.0 tinued,
3316.0 10172.0 184.0 84.0 but
3576.0 10192.0 236.0 64.0 now
3888.0 10172.0 80.0 84.0 it
4048.0 10192.0 216.0 64.0 was
4340.0 10192.0 64.0 64.0 a
4476.0 10168.0 224.0 84.0 real
4776.0 10168.0 356.0 84.0 "drum

2864.0 10324.0 196.0 68.0 are.
3284.0 10312.0 256.0 84.0 This
3596.0 10328.0 368.0 64.0 means
4028.0 10308.0 232.0 84.0 that
4316.0 10308.0 180.0 84.0 the
4556.0 10308.0 584.0 84.0 cannonad-

2872.0 10468.0 148.0 80.0 ng
3076.0 10448.0 92.0 84.0 is
3228.0 10468.0 112.0 64.0 so
3400.0 10444.0 340.0 100.0 heavy
3800.0 10444.0 232.0 88.0 that
4092.0 10448.0 80.0 80.0 It
4228.0 10440.0 392.0 88.0 sounds
4684.0 10444.0 212.0 84.0 like
4956.0 10444.0 184.0 84.0 the
5264.0 10416.0 80.0 64.0 01

2900.0 10584.0 264.0 84.0 attle
3224.0 10584.0 108.0 84.0 of
3396.0 10604.0 60.0 64.0 a
3516.0 10584.0 328.0 92.0 drum.
5264.0 10532.0 68.0 156.0 k.

2972.0 10716.0 156.0 88.0 On
3212.0 10720.0 180.0 88.0 the
3472.0 10720.0 556.0 84.0 afternoon
4116.0 10720.0 112.0 84.0 of
4304.0 10716.0 180.0 88.0 the
4568.0 10716.0 280.0 88.0 third
4936.0 10716.0 200.0 100.0 day
5260.0 10700.0 84.0 52.0 "

2860.0 10856.0 164.0 88.0 :he
3112.0 10856.0 452.0 84.0 Russian
3656.0 10856.0 300.0 84.0 drum
4044.0 10852.0 212.0 88.0 fire-
4316.0 10876.0 216.0 60.0 was
4620.0 10852.0 516.0 100.0 suddenly
5260.0 10828.0 84.0 60.0 m

2860.0 10992.0 284.0 88.0 lifted
3228.0 10996.0 264.0 80.0 from
3572.0 10996.0 180.0 84.0 the
3832.0 10992.0 452.0 84.0 German
4364.0 10988.0 496.0 88.0 trenches
4932.0 10988.0 200.0 84.0 and

2860.0 11128.0 548.0 88.0 converted
3476.0 11132.0 216.0 84.0 into
3756.0 11152.0 60.0 60.0 a
3880.0 11124.0 724.0 104.0 "sperrfeuer"
4676.0 11124.0 456.0 104.0 (curtain
5260.0 11092.0 84.0 84.0 cl

2856.0 11264.0 220.0 104.0 fire)
3156.0 11264.0 268.0 88.0 back
3480.0 11268.0 112.0 84.0 of
3652.0 11264.0 180.0 88.0 the
3896.0 11264.0 452.0 88.0 German
4408.0 11264.0 272.0 84.0 lines
4744.0 11268.0 108.0 80.0 to
4920.0 11284.0 216.0 80.0 pre-
5260.0 11228.0 84.0 80.0 fi'

2860.0 11408.0 232.0 84.0 rent
3172.0 11404.0 180.0 84.0 the
3440.0 11400.0 484.0 100.0 bringing
4008.0 11420.0 132.0 80.0 up
4224.0 11400.0 112.0 84.0 of
4412.0 11420.0 516.0 72.0 reserves.
5048.0 11400.0 88.0 84.0 It
5260.0 11384.0 84.0 60.0 m

2860.0 11564.0 200.0 60.0 was
3140.0 11540.0 180.0 84.0 the
3400.0 11540.0 340.0 100.0 signal
3824.0 11540.0 160.0 80.0 for
4064.0 11560.0 64.0 60.0 a
4204.0 11536.0 456.0 88.0 Russian
4740.0 11536.0 392.0 88.0 attack.

2856.0 11676.0 192.0 88.0 But
3124.0 11684.0 112.0 84.0 of
3308.0 11676.0 180.0 88.0 the
3572.0 11676.0 336.0 84.0 forest
3984.0 11696.0 300.0 64.0 came
4360.0 11672.0 180.0 88.0 the
4620.0 11672.0 516.0 100.0 storming
5308.0 11656.0 36.0 64.0 c

2856.0 11816.0 504.0 84.0 Russians
3492.0 11812.0 456.0 100.0 straight
4020.0 11860.0 16.0 8.0 -
4084.0 11812.0 160.0 84.0 for
4288.0 11856.0 12.0 12.0 -
4372.0 11812.0 180.0 84.0 the
4684.0 11808.0 448.0 88.0 German
5260.0 11780.0 84.0 80.0 tr

2856.0 11952.0 288.0 104.0 lines,
3212.0 11952.0 456.0 96.0 straight
3732.0 11952.0 220.0 84.0 into
4016.0 11948.0 176.0 84.0 the
4260.0 11948.0 408.0 84.0 curtain
4736.0 11948.0 108.0 84.0 of
4904.0 11944.0 200.0 88.0 Ger-

2856.0 12108.0 228.0 64.0 man
3144.0 12088.0 480.0 100.0 artillery
3684.0 12084.0 436.0 92.0 flretha
4204.0 12088.0 256.0 108.0 iota
4512.0 12088.0 832.0 132.0 ",ea'y

3704.0 12288.0 224.0 76.0 ung
3980.0 12260.0 504.0 100.0 columns,
4540.0 12256.0 392.0 100.0 though
4988.0 12256.0 304.0 88.0 these

2940.0 12424.0 12.0 80.0 I
3012.0 12412.0 412.0 92.0 auickly
3492.0 12404.0 356.0 88.0 closed
3920.0 12420.0 164.0 80.0 up.

3128.0 12552.0 112.0 84.0 In
3304.0 12548.0 180.0 84.0 the
3544.0 12540.0 568.0 88.0 meantime
4172.0 12532.0 180.0 88.0 the
4412.0 12532.0 452.0 88.0 German
4928.0 12540.0 360.0 92.0 troops

3020.0 12684.0 368.0 88.0 rushed
3472.0 12684.0 180.0 84.0 out
3732.0 12680.0 108.0 84.0 of
3916.0 12672.0 276.0 88.0 their
4272.0 12672.0 452.0 100.0 dugouts
4808.0 12672.0 220.0 84.0 into
5108.0 12672.0 188.0 84.0 the

3016.0 12816.0 632.0 96.0 water-filled
3700.0 12812.0 200.0 88.0 and
3956.0 12808.0 544.0 88.0 shell-torn
4552.0 12808.0 528.0 88.0 trenches.
5136.0 12808.0 124.0 84.0 Al-

3020.0 12968.0 264.0 84.0 most
3360.0 12960.0 104.0 84.0 in
3540.0 12976.0 60.0 64.0 a
3676.0 12952.0 460.0 84.0 moment
4208.0 12944.0 180.0 88.0 the
4464.0 12940.0 480.0 92.0 machine
5024.0 12964.0 264.0 80.0 guns

3028.0 13120.0 264.0 64.0 were
3400.0 13088.0 364.0 108.0 jerked
3880.0 13088.0 172.0 84.0 out
4168.0 13084.0 112.0 84.0 of
4384.0 13084.0 180.0 84.0 the
4676.0 13080.0 620.0 100.0 bombproof

3032.0 13236.0 616.0 104.0 protection,
3760.0 13224.0 200.0 88.0 and
4072.0 13220.0 280.0 84.0 after
4468.0 13216.0 312.0 104.0 being
4896.0 13220.0 392.0 96.0 hastily

3040.0 13368.0 468.0 92.0 nounted
3640.0 13388.0 128.0 64.0 on
3900.0 13360.0 168.0 88.0 the
4196.0 13356.0 552.0 100.0 wreckage
4876.0 13356.0 112.0 84.0 of
5112.0 13356.0 184.0 84.0 the

3040.0 13508.0 716.0 92.0 breastworks,
3860.0 13496.0 324.0 100.0 began
4288.0 13500.0 112.0 80.0 to
4500.0 13496.0 416.0 100.0 sputter
5016.0 13492.0 276.0 88.0 their

3032.0 13648.0 372.0 92.0 fearful
3476.0 13644.0 476.0 104.0 greeting
4004.0 13640.0 108.0 80.0 to
4180.0 13632.0 184.0 88.0 the
4432.0 13632.0 548.0 88.0 Russians.

3148.0 13788.0 488.0 88.0 Between
3724.0 13776.0 184.0 92.0 the
3972.0 13772.0 488.0 84.0 machine
4548.0 13792.0 264.0 76.0 guns
4904.0 13768.0 384.0 88.0 rattled

3060.0 13932.0 140.0 84.0 he
3276.0 13928.0 464.0 92.0 infantry
3820.0 13912.0 192.0 88.0 fire.
4124.0 13908.0 340.0 84.0 There
4540.0 13928.0 216.0 64.0 was
4832.0 13928.0 132.0 64.0 no
5036.0 13908.0 256.0 88.0 time

3040.0 14044.0 148.0 116.0 "tor
3272.0 14064.0 356.0 108.0 giving
3716.0 14048.0 588.0 100.0 coirmands
4396.0 14048.0 200.0 88.0 and
4692.0 14048.0 296.0 88.0 there
5076.0 14068.0 216.0 64.0 was

3044.0 14232.0 116.0 68.0 10
3232.0 14204.0 264.0 88.0 need
3576.0 14200.0 108.0 88.0 of
3756.0 14212.0 208.0 80.0 any.
4112.0 14188.0 336.0 88.0 There
4528.0 14208.0 276.0 64.0 were
4884.0 14208.0 128.0 68.0 no
5096.0 14184.0 164.0 88.0 vol-

3040.0 14372.0 240.0 80.0 leys.
3444.0 14340.0 280.0 92.0 Each
3824.0 14336.0 424.0 88.0 German
4344.0 14324.0 388.0 88.0 soldier
4824.0 14324.0 256.0 88.0 fired
5172.0 14344.0 120.0 68.0 as

3044.0 14492.0 200.0 84.0 '.ast
3296.0 14504.0 116.0 64.0 as
3464.0 14480.0 132.0 84.0 he
3648.0 14468.0 316.0 92.0 could.
4072.0 14464.0 216.0 84.0 The
4340.0 14484.0 256.0 80.0 gaps
4652.0 14464.0 100.0 84.0 In
4808.0 14464.0 184.0 84.0 the
5048.0 14464.0 212.0 84.0 Rus-

3052.0 14628.0 212.0 84.0 sian
3340.0 14620.0 212.0 84.0 line
3624.0 14600.0 476.0 104.0 widened,
4180.0 14600.0 204.0 84.0 and
4460.0 14600.0 248.0 84.0 then
4788.0 14600.0 176.0 84.0 the
5044.0 14600.0 220.0 84.0 Rus-

3044.0 14764.0 284.0 84.0 sians
3408.0 14748.0 336.0 92.0 would
3820.0 14740.0 192.0 88.0 hat
4088.0 14736.0 204.0 84.0 and
4368.0 14736.0 192.0 84.0 fire
4636.0 14736.0 396.0 88.0 toward
5112.0 14736.0 180.0 84.0 the

3048.0 14900.0 440.0 84.0 3erman
3572.0 14884.0 488.0 92.0 trenchis,
4140.0 14872.0 184.0 88.0 but
4400.0 14876.0 80.0 84.0 it
4556.0 14896.0 216.0 60.0 was
4848.0 14872.0 260.0 84.0 hard
5184.0 14880.0 108.0 80.0 to

3052.0 15040.0 224.0 92.0 lim,
3344.0 15028.0 200.0 88.0 and
3616.0 15024.0 176.0 88.0 the
3864.0 15012.0 348.0 92.0 billets
4288.0 15012.0 472.0 96.0 scarcely
4828.0 15008.0 464.0 88.0 checked

3052.0 15176.0 168.0 88.0 the
3308.0 15164.0 560.0 96.0 withering
3916.0 15148.0 308.0 88.0 crash
4316.0 15148.0 108.0 84.0 of
4512.0 15148.0 484.0 84.0 machine
5088.0 15168.0 204.0 80.0 gun

3052.0 15312.0 196.0 88.0 and
3320.0 15304.0 224.0 88.0 rifle
3620.0 15300.0 212.0 88.0 fire.
4128.0 15364.0 12.0 12.0 .
4312.0 15364.0 24.0 8.0 -

3464.0 15464.0 416.0 96.0 Stoppei
3936.0 15448.0 108.0 76.0 at
4108.0 15440.0 396.0 84.0 Barbed
4572.0 15440.0 308.0 88.0 Wire.

3176.0 15628.0 220.0 84.0 The
3536.0 15612.0 408.0 88.0 Russiin
4088.0 15620.0 296.0 64.0 wave
4524.0 15600.0 448.0 84.0 reached
5116.0 15600.0 176.0 88.0 the

3056.0 15760.0 384.0 92.0 barbed
3508.0 15756.0 248.0 84.0 wire
3824.0 15736.0 800.0 100.0 utanglements
4692.0 15736.0 364.0 88.0 before
5116.0 15740.0 180.0 84.0 the

3060.0 15904.0 448.0 88.0 German
3564.0 15868.0 692.0 108.0 brea-tworks,
4320.0 15872.0 184.0 88.0 but
4560.0 15896.0 296.0 64.0 came
4912.0 15896.0 132.0 64.0 no
5104.0 15880.0 160.0 80.0 far-

3064.0 16044.0 256.0 84.0 ther.
3468.0 16032.0 304.0 92.0 Torn,
3788.0 16020.0 368.0 80.0 beaten
4216.0 16012.0 200.0 84.0 and
4476.0 16012.0 540.0 84.0 shattered
5076.0 16016.0 220.0 84.0 into

3072.0 16200.0 48.0 68.0 1
3168.0 16164.0 524.0 100.0 thousand
3744.0 16152.0 564.0 104.0 fagments,
4364.0 16148.0 180.0 88.0 the
4596.0 16156.0 544.0 76.0 remnants
5192.0 16152.0 108.0 84.0 of

3068.0 16320.0 172.0 84.0 the
3316.0 16288.0 708.0 112.0 Russlarhost
4092.0 16284.0 244.0 88.0 beat
4404.0 16308.0 60.0 60.0 a
4532.0 16292.0 428.0 80.0 retreat.
5036.0 16288.0 260.0 84.0 How

3072.0 16472.0 304.0 76.0 many
3452.0 16424.0 388.0 104.0 reacted
3916.0 16424.0 180.0 88.0 the
4176.0 16424.0 588.0 100.0 protection
4840.0 16424.0 112.0 84.0 of
5024.0 16424.0 276.0 84.0 their

3072.0 16584.0 484.0 96.0 trenches
3624.0 16564.0 268.0 96.0 u'-ler
3956.0 16560.0 180.0 88.0 the
4200.0 16564.0 580.0 96.0 unceasing
4844.0 16560.0 448.0 84.0 German

3076.0 16732.0 180.0 84.0 fire
3308.0 16744.0 136.0 64.0 no
3500.0 16696.0 384.0 104.0 onccart
3936.0 16692.0 216.0 112.0 tell,
4212.0 16696.0 180.0 84.0 but
4448.0 16696.0 180.0 88.0 the
4680.0 16696.0 396.0 100.0 ground
5140.0 16696.0 124.0 88.0 be-

3076.0 16872.0 336.0 80.0 tween
3492.0 16836.0 636.0 108.0 theGerman
4208.0 16832.0 200.0 84.0 and
4488.0 16836.0 456.0 88.0 Russian
5016.0 16836.0 280.0 84.0 lines

3080.0 17024.0 216.0 60.0 was
3408.0 16972.0 368.0 108.0 covced
3896.0 16972.0 248.0 84.0 with
4260.0 16968.0 260.0 88.0 dead
4636.0 16968.0 200.0 88.0 and
4952.0 16968.0 344.0 104.0 dying.

3080.0 17140.0 336.0 88.0 There
3536.0 17136.0 144.0 76.0 ws
3804.0 17132.0 132.0 64.0 no
4060.0 17108.0 408.0 84.0 further
4584.0 17108.0 360.0 84.0 attack
5068.0 17108.0 232.0 88.0 that

3084.0 17280.0 320.0 104.0 night.

3208.0 17420.0 348.0 84.0 Towai
3592.0 17448.0 8.0 20.0 '
3640.0 17396.0 484.0 96.0 morning
4184.0 17392.0 180.0 84.0 the
4428.0 17388.0 452.0 88.0 thunder
4948.0 17392.0 108.0 84.0 of
5116.0 17392.0 180.0 84.0 the

3088.0 17576.0 400.0 72.0 cannon
3580.0 17532.0 344.0 84.0 uieted
4016.0 17528.0 200.0 84.0 and
4304.0 17528.0 184.0 88.0 the
4568.0 17528.0 272.0 84.0 cries
4924.0 17528.0 112.0 84.0 or
5120.0 17528.0 176.0 84.0 the

3092.0 17692.0 460.0 88.0 wounde.
3604.0 17688.0 268.0 64.0 were
3956.0 17668.0 384.0 84.0 almost
4424.0 17660.0 348.0 92.0 stilled
4860.0 17660.0 128.0 104.0 by
5064.0 17664.0 204.0 100.0 day-

3092.0 17832.0 348.0 84.0 break.
3216.0 17968.0 220.0 84.0 The
3492.0 17952.0 212.0 112.0 i'eat
3760.0 17940.0 576.0 88.0 battlefield
4392.0 17960.0 216.0 64.0 was
4656.0 17940.0 360.0 100.0 asleep
5056.0 17940.0 240.0 100.0 only

3100.0 18112.0 156.0 80.0 for
3344.0 18104.0 396.0 84.0 antioiir
3828.0 18076.0 304.0 84.0 when
4216.0 18076.0 184.0 84.0 the
4484.0 18076.0 348.0 84.0 action
4924.0 18076.0 108.0 84.0 of
5124.0 18076.0 176.0 84.0 the

3104.0 18228.0 524.0 104.0 fourthly
3688.0 18216.0 332.0 100.0 began
4084.0 18212.0 252.0 84.0 with
4400.0 18212.0 444.0 88.0 another
4908.0 18216.0 392.0 84.0 terrific

3100.0 18384.0 292.0 80.0 drum
3440.0 18376.0 140.0 72.0 re,
3644.0 18352.0 336.0 84.0 which
4036.0 18348.0 340.0 88.0 lasted
4440.0 18348.0 260.0 84.0 until
4760.0 18348.0 244.0 100.0 long
5064.0 18360.0 236.0 92.0 past

3108.0 18540.0 292.0 64.0 noon.

3232.0 18652.0 236.0 108.0 A;;fi
3532.0 18628.0 184.0 84.0 the
3776.0 18628.0 456.0 88.0 Russian
4292.0 18644.0 292.0 64.0 wave
4648.0 18620.0 324.0 88.0 broke
5032.0 18624.0 268.0 84.0 from

3112.0 18792.0 172.0 84.0 the
3364.0 18772.0 324.0 104.0 (rests,
3760.0 18764.0 180.0 84.0 but
4012.0 18764.0 84.0 80.0 it
4164.0 18760.0 200.0 84.0 had
4436.0 18760.0 372.0 100.0 hardly
4876.0 18768.0 176.0 92.0 got
5124.0 18764.0 180.0 80.0 out

3108.0 18932.0 108.0 84.0 0f
3372.0 18928.0 56.0 60.0 e
3556.0 18900.0 352.0 84.0 woods
4044.0 18896.0 360.0 84.0 before
4540.0 18896.0 180.0 84.0 the
4852.0 18896.0 448.0 84.0 German

3112.0 19064.0 376.0 88.0 arti-T
3596.0 19032.0 400.0 108.0 opened
4112.0 19032.0 212.0 88.0 fire.
4532.0 19032.0 332.0 100.0 Again
4980.0 19036.0 324.0 84.0 shells

3116.0 19200.0 480.0 88.0 tonopen
3692.0 19176.0 176.0 84.0 the
3960.0 19172.0 364.0 104.0 ranks;
4436.0 19172.0 304.0 96.0 again
4836.0 19172.0 180.0 84.0 the
5108.0 19192.0 172.0 64.0 ma-

3120.0 19340.0 204.0 88.0 chli
3376.0 19336.0 264.0 80.0 guns
3696.0 19308.0 272.0 104.0 piled
4032.0 19328.0 132.0 80.0 up
4216.0 19308.0 180.0 84.0 the
4452.0 19304.0 296.0 88.0 dead.
4808.0 19308.0 216.0 84.0 The
5068.0 19308.0 236.0 84.0 task

3120.0 19472.0 464.0 88.0 wf,more
3644.0 19444.0 428.0 88.0 terrible
4136.0 19444.0 252.0 84.0 than
4456.0 19464.0 124.0 60.0 on
4652.0 19444.0 176.0 84.0 the
4892.0 19444.0 196.0 100.0 day
3124.0 19444.0 2188.0 256.0 be-f0-,

3368.0 19612.0 116.0 60.0 as
3584.0 19588.0 176.0 84.0 the
3860.0 19584.0 516.0 80.0 Russians
4472.0 19580.0 200.0 80.0 had
4772.0 19588.0 108.0 76.0 to
4980.0 19588.0 324.0 80.0 storm

3124.0 19776.0 52.0 60.0 0
3368.0 19728.0 180.0 84.0 the
3644.0 19720.0 364.0 84.0 bodies
4104.0 19716.0 112.0 84.0 of
4312.0 19716.0 276.0 84.0 their
4684.0 19716.0 260.0 84.0 dead
5048.0 19740.0 224.0 64.0 com-

3132.0 19888.0 224.0 84.0 rres.
3188.0 20004.0 288.0 96.0 igain
3564.0 19996.0 176.0 84.0 the
3820.0 19992.0 300.0 100.0 night
4200.0 20012.0 216.0 60.0 was
4496.0 19988.0 468.0 104.0 freezing
5048.0 19996.0 260.0 92.0 cold,

3140.0 20144.0 188.0 80.0 -nln
3388.0 20136.0 176.0 84.0 the
3620.0 20132.0 320.0 84.0 hours
4000.0 20148.0 272.0 60.0 were
4328.0 20124.0 436.0 88.0 hideous
4824.0 20132.0 244.0 84.0 with
5132.0 20132.0 176.0 84.0 the

3132.0 20296.0 164.0 84.0 res
3372.0 20272.0 112.0 84.0 of
3564.0 20268.0 176.0 84.0 the
3820.0 20264.0 320.0 100.0 dying
4216.0 20284.0 236.0 60.0 men
4536.0 20272.0 180.0 76.0 out
4796.0 20264.0 300.0 88.0 there
5180.0 20288.0 124.0 64.0 on

3140.0 20416.0 60.0 104.0 ii
3264.0 20400.0 576.0 92.0 battlefield
3908.0 20400.0 200.0 84.0 and
4176.0 20400.0 308.0 100.0 again
4552.0 20400.0 176.0 84.0 the
4792.0 20400.0 520.0 88.0 darkness

3136.0 20572.0 100.0 60.0 is
3300.0 20544.0 272.0 88.0 filled
3640.0 20540.0 252.0 84.0 with
3956.0 20536.0 180.0 84.0 the
4192.0 20536.0 456.0 84.0 thunder
4704.0 20540.0 108.0 80.0 of
4872.0 20560.0 436.0 64.0 cannon,

3120.0 20708.0 48.0 64.0 o
3264.0 20688.0 436.0 96.0 prevent
3792.0 20696.0 60.0 60.0 a
3932.0 20672.0 304.0 100.0 night
4324.0 20672.0 388.0 96.0 attack,
4812.0 20676.0 176.0 84.0 the
5084.0 20676.0 200.0 84.0 Ger-

3068.0 20796.0 256.0 108.0 Isras
3380.0 20820.0 248.0 96.0 kept
3684.0 20836.0 136.0 76.0 up
3868.0 20832.0 64.0 64.0 a
3984.0 20808.0 556.0 100.0 discharge
4596.0 20812.0 108.0 84.0 of
4764.0 20812.0 516.0 88.0 llluminat-

3072.0 20980.0 128.0 80.0 n?
3272.0 20956.0 424.0 84.0 rockets
3768.0 20948.0 200.0 84.0 and
4044.0 20968.0 60.0 60.0 a
4180.0 20948.0 760.0 100.0 blue-greenish
5028.0 20952.0 284.0 96.0 glare

3064.0 21096.0 292.0 88.0 .dded
3412.0 21096.0 108.0 80.0 to
3576.0 21088.0 180.0 84.0 the
3812.0 21084.0 648.0 100.0 ghastliness
4516.0 21084.0 108.0 84.0 of
4676.0 21084.0 176.0 84.0 the
4912.0 21088.0 236.0 84.0 field
5208.0 21088.0 112.0 84.0 of

3056.0 21232.0 312.0 84.0 leath.
3536.0 21228.0 196.0 80.0 But
3800.0 21244.0 136.0 60.0 no
4008.0 21220.0 512.0 88.0 Russians
4592.0 21220.0 316.0 84.0 dared
4980.0 21228.0 108.0 80.0 to
5152.0 21224.0 128.0 84.0 ad-

3036.0 21388.0 344.0 68.0 vance.
3012.0 21544.0 8.0 44.0 i
3148.0 21504.0 136.0 84.0 At
3384.0 21496.0 528.0 100.0 daybreak
4012.0 21496.0 180.0 84.0 the
4296.0 21496.0 516.0 84.0 Russians
4912.0 21500.0 404.0 96.0 opened

3028.0 21640.0 252.0 84.0 with
3356.0 21660.0 60.0 60.0 a
3492.0 21632.0 272.0 88.0 third
3848.0 21632.0 296.0 80.0 drum
4224.0 21628.0 212.0 88.0 fire.
4576.0 21632.0 252.0 88.0 This
4908.0 21632.0 252.0 84.0 time
5240.0 21636.0 76.0 84.0 it

3028.0 21796.0 216.0 64.0 was
3324.0 21792.0 284.0 64.0 more
3688.0 21768.0 432.0 84.0 terrible
4196.0 21764.0 248.0 88.0 than
4532.0 21788.0 128.0 64.0 on
4744.0 21768.0 176.0 88.0 the
4996.0 21772.0 288.0 96.0 previ-

3024.0 21932.0 192.0 68.0 ous
3288.0 21908.0 580.0 88.0 occasions,
3940.0 21908.0 156.0 76.0 for
4168.0 21904.0 76.0 84.0 it
4316.0 21928.0 216.0 56.0 was
4600.0 21904.0 468.0 84.0 directed
5140.0 21912.0 180.0 80.0 not

3032.0 22048.0 236.0 100.0 only
3324.0 22068.0 128.0 60.0 on
3512.0 22044.0 176.0 84.0 the
3740.0 22040.0 448.0 84.0 German
4240.0 22040.0 528.0 104.0 trenches,
4824.0 22040.0 180.0 88.0 but
5056.0 22040.0 264.0 104.0 deep

3028.0 22180.0 216.0 92.0 W.fl
3344.0 22184.0 108.0 80.0 Ui
3612.0 22180.0 272.0 84.0 lines
3984.0 22176.0 384.0 88.0 behind
4464.0 22176.0 316.0 108.0 them,
4876.0 22184.0 104.0 84.0 to
5076.0 22176.0 244.0 88.0 hold

5200.0 1032.0 16.0 156.0 I
5544.0 1064.0 416.0 128.0 CAN'T
6068.0 1068.0 556.0 124.0 FREEZE
6732.0 1064.0 124.0 124.0 IN
6964.0 1064.0 328.0 128.0 THIS
7608.0 1020.0 16.0 172.0 I

6256.0 2152.0 356.0 208.0 AT

7616.0 6820.0 8.0 84.0 i

5324.0 6980.0 16.0 8.0 -
5392.0 6932.0 84.0 80.0 A
5560.0 6932.0 600.0 100.0 life-saving
6244.0 6940.0 212.0 80.0 suit
6548.0 6936.0 332.0 84.0 which
6972.0 6936.0 324.0 100.0 keeps
7384.0 6940.0 180.0 84.0 the

5268.0 7064.0 484.0 88.0 wearer's
5852.0 7068.0 268.0 84.0 head
6228.0 7072.0 332.0 84.0 above
6664.0 7076.0 324.0 84.0 water
7088.0 7072.0 204.0 84.0 and
7400.0 7072.0 160.0 80.0 his

5264.0 7196.0 272.0 100.0 body
5604.0 7224.0 324.0 64.0 warm
6000.0 7228.0 264.0 60.0 even
6340.0 7212.0 100.0 80.0 in
6520.0 7228.0 236.0 64.0 zero
6832.0 7208.0 464.0 84.0 weather
7372.0 7208.0 188.0 84.0 has

5268.0 7328.0 260.0 88.0 been
5596.0 7340.0 536.0 96.0 perfected
6204.0 7344.0 128.0 96.0 by
6396.0 7344.0 112.0 88.0 T.
6576.0 7348.0 108.0 84.0 E.
6756.0 7344.0 248.0 96.0 Aud,
7068.0 7344.0 112.0 84.0 of
7240.0 7340.0 288.0 84.0 Hern-

5264.0 7464.0 236.0 104.0 don,
5576.0 7472.0 176.0 88.0 Va.
5896.0 7472.0 220.0 88.0 The
6192.0 7476.0 260.0 104.0 suit.
6480.0 7500.0 216.0 64.0 was
6772.0 7480.0 344.0 84.0 tested
7196.0 7480.0 108.0 80.0 in
7384.0 7476.0 176.0 84.0 the

5268.0 7600.0 496.0 92.0 Potomac
5828.0 7612.0 276.0 84.0 river
6164.0 7612.0 104.0 84.0 in
6332.0 7616.0 180.0 84.0 the
6580.0 7636.0 508.0 80.0 presence
7144.0 7616.0 112.0 84.0 of
7312.0 7616.0 248.0 84.0 Gen.

5264.0 7732.0 400.0 108.0 George
5732.0 7744.0 324.0 84.0 Uhler
6116.0 7748.0 200.0 84.0 and
6380.0 7752.0 304.0 80.0 other
6744.0 7748.0 408.0 84.0 officers
7212.0 7748.0 112.0 84.0 of
7384.0 7748.0 176.0 84.0 the

5264.0 7872.0 384.0 88.0 United
5776.0 7880.0 356.0 84.0 States
6256.0 7884.0 580.0 84.0 steamboat
6972.0 7884.0 584.0 100.0 inspection

5264.0 8012.0 436.0 96.0 service,
5776.0 8016.0 180.0 84.0 the
6028.0 8020.0 216.0 84.0 test
6316.0 8020.0 520.0 104.0 resulting
6912.0 8024.0 104.0 80.0 in
7092.0 8044.0 60.0 64.0 a
7232.0 8020.0 300.0 84.0 favor-

5260.0 8144.0 268.0 100.0 able,
5596.0 8148.0 396.0 100.0 though
6068.0 8152.0 552.0 100.0 unofficial,
6688.0 8160.0 356.0 96.0 report
7112.0 8156.0 132.0 100.0 by
7312.0 8156.0 216.0 84.0 Gen-

5264.0 8280.0 216.0 84.0 eral
5584.0 8284.0 352.0 84.0 Uhler.
6100.0 8288.0 220.0 84.0 The
6420.0 8288.0 320.0 88.0 lower
6844.0 8296.0 236.0 96.0 part
7176.0 8292.0 112.0 84.0 of
7380.0 8292.0 180.0 84.0 the

5264.0 8416.0 212.0 84.0 suit
5556.0 8424.0 484.0 84.0 contains
6132.0 8424.0 232.0 84.0 four
6448.0 8424.0 404.0 104.0 pounds
6940.0 8428.0 112.0 84.0 of
7132.0 8428.0 232.0 84.0 lead
7452.0 8432.0 108.0 80.0 to

5264.0 8552.0 176.0 84.0 the
5520.0 8556.0 248.0 96.0 foot,
5848.0 8560.0 200.0 84.0 and
6128.0 8560.0 180.0 84.0 the
6388.0 8584.0 328.0 76.0 upper
6796.0 8568.0 232.0 96.0 part
7108.0 8564.0 88.0 84.0 Is
7280.0 8564.0 276.0 84.0 filled

5264.0 8688.0 248.0 84.0 with
5592.0 8692.0 248.0 84.0 cork
5908.0 8696.0 108.0 84.0 to
6092.0 8700.0 248.0 80.0 float
6412.0 8700.0 180.0 84.0 the
6664.0 8696.0 272.0 104.0 body
7008.0 8700.0 100.0 84.0 in
7184.0 8720.0 136.0 60.0 an
7396.0 8720.0 132.0 76.0 up-

5264.0 8824.0 284.0 100.0 right
5628.0 8828.0 488.0 100.0 position.
6268.0 8832.0 220.0 84.0 The
6576.0 8836.0 484.0 80.0 material
7148.0 8836.0 88.0 80.0 is
7320.0 8856.0 204.0 60.0 non-

5268.0 8960.0 632.0 104.0 conducting
6000.0 8988.0 116.0 60.0 so
6216.0 8968.0 232.0 84.0 that
6552.0 8968.0 176.0 84.0 the
6824.0 8968.0 248.0 88.0 heat
7172.0 8972.0 112.0 80.0 of
7380.0 8972.0 180.0 84.0 the

5268.0 9096.0 268.0 100.0 body
5624.0 9100.0 208.0 84.0 will
5924.0 9100.0 264.0 100.0 keep
6276.0 9104.0 180.0 84.0 the
6552.0 9124.0 396.0 64.0 wearer
7032.0 9104.0 276.0 84.0 alive
7400.0 9108.0 160.0 80.0 for

5264.0 9232.0 236.0 84.0 four
5580.0 9232.0 260.0 104.0 days
5928.0 9236.0 100.0 84.0 in
6120.0 9240.0 164.0 96.0 icy
6368.0 9248.0 356.0 80.0 water,
6812.0 9240.0 176.0 88.0 the
7076.0 9240.0 488.0 88.0 Inventor

5264.0 9368.0 396.0 84.0 claims.
5836.0 9372.0 104.0 84.0 In
6052.0 9372.0 176.0 84.0 the
6332.0 9376.0 408.0 96.0 picture
6848.0 9376.0 184.0 84.0 Mr.
7136.0 9376.0 272.0 84.0 Aud'
7468.0 9376.0 92.0 84.0 is

5264.0 9500.0 360.0 88.0 shown
5688.0 9508.0 464.0 100.0 wearing
6212.0 9508.0 180.0 84.0 the
6452.0 9512.0 240.0 84.0 suit

5264.0 9852.0 264.0 84.0 back
5636.0 9852.0 180.0 88.0 the
5920.0 9876.0 484.0 68.0 reserves
6512.0 9860.0 200.0 84.0 and
6824.0 9868.0 444.0 92.0 prevent
7372.0 9864.0 180.0 88.0 the

5268.0 9988.0 484.0 100.0 bringing
5808.0 10008.0 128.0 84.0 up
5996.0 9996.0 112.0 80.0 of
6164.0 9992.0 308.0 88.0 relief
6524.0 10000.0 108.0 80.0 to
6692.0 9996.0 176.0 84.0 the
6932.0 9996.0 616.0 88.0 half-frozen

5264.0 10124.0 448.0 88.0 German
5832.0 10128.0 476.0 108.0 soldiers,
6428.0 10132.0 264.0 104.0 who,
6816.0 10132.0 448.0 88.0 bundled
7388.0 10156.0 160.0 80.0 up,

5264.0 10404.0 236.0 76.0 outs
5560.0 10400.0 428.0 100.0 waiting
6048.0 10404.0 160.0 80.0 for
6264.0 10404.0 180.0 84.0 the
6500.0 10404.0 364.0 88.0 attack
6924.0 10408.0 336.0 84.0 which
7304.0 10408.0 248.0 100.0 they
7680.0 10388.0 88.0 60.0 w

5264.0 10532.0 300.0 84.0 knew
5624.0 10556.0 212.0 64.0 was
5896.0 10536.0 600.0 88.0 inevitable.
6620.0 10544.0 132.0 84.0 At
6812.0 10544.0 284.0 96.0 eight
7156.0 10544.0 396.0 84.0 o'clock
7676.0 10524.0 56.0 64.0 c

5260.0 10668.0 180.0 84.0 the
5512.0 10672.0 360.0 84.0 attack
5940.0 10696.0 300.0 64.0 came
6300.0 10676.0 204.0 84.0 and
6572.0 10676.0 212.0 88.0 this
6860.0 10680.0 256.0 84.0 time
7184.0 10680.0 84.0 88.0 it
7336.0 10704.0 212.0 60.0 was
7680.0 10660.0 88.0 80.0 P'

5260.0 10828.0 292.0 64.0 more
5624.0 10812.0 616.0 92.0 successful.

5384.0 10952.0 436.0 104.0 Despite
5868.0 10956.0 180.0 84.0 the
6096.0 10960.0 508.0 104.0 artillery,
6656.0 10960.0 412.0 100.0 despite
7120.0 10964.0 176.0 88.0 the
7352.0 10988.0 204.0 60.0 ma-
7680.0 10936.0 48.0 60.0 s

5260.0 11092.0 308.0 84.0 chine
5656.0 11116.0 264.0 76.0 guns
6012.0 11092.0 204.0 84.0 and
6308.0 11096.0 412.0 100.0 despite
6812.0 11096.0 180.0 88.0 the
7080.0 11100.0 472.0 104.0 infantry
7752.0 11076.0 16.0 52.0 '

5260.0 11228.0 216.0 104.0 fite,
5536.0 11228.0 176.0 88.0 the
5776.0 11232.0 624.0 100.0 apparently
6460.0 11236.0 776.0 88.0 inexhaustible
7300.0 11240.0 252.0 100.0 regi-
7676.0 11188.0 92.0 80.0 fr

5260.0 11368.0 344.0 84.0 ments
5680.0 11372.0 108.0 84.0 of
5856.0 11368.0 516.0 88.0 Russians
6448.0 11376.0 332.0 96.0 swept
6852.0 11396.0 128.0 60.0 on
7056.0 11396.0 248.0 60.0 over
7372.0 11376.0 180.0 84.0 the
7676.0 11344.0 52.0 60.0 r

5260.0 11500.0 292.0 108.0 dead,
5608.0 11524.0 248.0 60.0 over
5912.0 11504.0 180.0 84.0 the
6144.0 11504.0 684.0 88.0 barbed-wire
6880.0 11508.0 460.0 88.0 barriers
7396.0 11512.0 160.0 84.0 be-
7680.0 11480.0 88.0 64.0 c'

5260.0 11636.0 228.0 84.0 fore
5576.0 11636.0 180.0 88.0 the
5840.0 11636.0 456.0 88.0 German
6380.0 11644.0 244.0 96.0 line,
6716.0 11668.0 252.0 64.0 over
7052.0 11648.0 180.0 84.0 the
7320.0 11648.0 232.0 88.0 first
7756.0 11604.0 12.0 68.0 '

5260.0 11772.0 496.0 88.0 trenches
5832.0 11776.0 204.0 84.0 and
6116.0 11780.0 368.0 84.0 routed
6564.0 11780.0 180.0 88.0 the
6828.0 11784.0 448.0 88.0 German
7364.0 11788.0 156.0 84.0 sol-

5256.0 11908.0 312.0 108.0 diers,
5624.0 11912.0 228.0 84.0 who
5908.0 11936.0 280.0 64.0 were
6232.0 11916.0 228.0 84.0 half
6508.0 11916.0 356.0 88.0 frozen
6920.0 11920.0 100.0 84.0 in
7076.0 11924.0 180.0 84.0 the
7304.0 11924.0 244.0 84.0 mud

5240.0 12140.0 52.0 60.0 a
5416.0 12120.0 108.0 48.0 bi
5592.0 12100.0 252.0 68.0 mtii
5944.0 12148.0 32.0 20.0 .
6008.0 12116.0 312.0 56.0 ...aw.
6352.0 12124.0 120.0 48.0 cu
6628.0 12092.0 260.0 48.0 -:.i.
7048.0 12092.0 36.0 48.0 v
7660.0 12116.0 48.0 24.0 "

5188.0 12280.0 104.0 64.0 3e
5412.0 12216.0 744.0 88.0 hand-to-hand
6240.0 12216.0 420.0 92.0 conflict
6736.0 12224.0 520.0 88.0 followed.
7400.0 12224.0 308.0 88.0 Hand

5416.0 12356.0 520.0 100.0 grenades
6008.0 12360.0 228.0 84.0 tore
6308.0 12356.0 304.0 88.0 down
6684.0 12380.0 356.0 68.0 scores
7116.0 12364.0 108.0 84.0 of
7292.0 12364.0 384.0 84.0 defend-

5188.0 12556.0 100.0 76.0 p3
5416.0 12512.0 172.0 64.0 ers
5684.0 12492.0 204.0 84.0 and
5984.0 12496.0 576.0 84.0 assailants
6652.0 12496.0 308.0 88.0 al'ke.
7152.0 12500.0 224.0 84.0 The
7468.0 12520.0 240.0 68.0 men

5188.0 12692.0 108.0 60.0 le
5416.0 12628.0 376.0 104.0 fought
5860.0 12632.0 208.0 80.0 like
6136.0 12632.0 472.0 84.0 maniacs
6676.0 12632.0 252.0 88.0 with
6996.0 12636.0 412.0 100.0 spades,
7480.0 12636.0 200.0 104.0 bay-

5188.0 12808.0 72.0 84.0 Ll
5416.0 12772.0 336.0 92.0 onets,
5848.0 12764.0 372.0 88.0 knives
6308.0 12768.0 204.0 88.0 and
6608.0 12768.0 440.0 88.0 clubbed
7140.0 12796.0 292.0 76.0 guns,

5188.0 12964.0 100.0 64.0 is
5700.0 12940.0 392.0 84.0 Within
6184.0 12944.0 172.0 80.0 100
6452.0 12944.0 248.0 84.0 Feet
6780.0 12944.0 108.0 84.0 of
6972.0 12944.0 456.0 108.0 Victory.

5256.0 13080.0 40.0 88.0 '
5548.0 13104.0 200.0 88.0 But
5824.0 13104.0 180.0 88.0 the
6084.0 13108.0 520.0 84.0 Russians
6684.0 13132.0 228.0 64.0 won
6996.0 13116.0 108.0 84.0 at
7184.0 13136.0 64.0 64.0 a
7324.0 13116.0 384.0 88.0 fearful

5188.0 13220.0 100.0 60.0 lv
5548.0 13244.0 24.0 36.0 1
5792.0 13244.0 40.0 36.0 C
6300.0 13244.0 256.0 36.0 l.-l.i
6648.0 13268.0 44.0 12.0 -
7208.0 13252.0 80.0 28.0 ,i
7496.0 13256.0 16.0 24.0 .
7596.0 13256.0 20.0 24.0 .
7676.0 13260.0 20.0 20.0 .

5420.0 13284.0 96.0 64.0 pi
5552.0 13284.0 152.0 44.0 ice
5792.0 13284.0 144.0 44.0 iui
6040.0 13284.0 116.0 44.0 ou
6236.0 13284.0 328.0 60.0 Biigm
6644.0 13284.0 60.0 48.0 u
6784.0 13284.0 272.0 64.0 gain,
7208.0 13284.0 88.0 56.0 il
7380.0 13284.0 332.0 72.0 migut

5416.0 13380.0 272.0 88.0 have
5772.0 13380.0 264.0 84.0 been
6116.0 13384.0 340.0 84.0 worth
6536.0 13404.0 292.0 68.0 more
6904.0 13384.0 204.0 88.0 had
7200.0 13392.0 176.0 84.0 the
7464.0 13396.0 216.0 84.0 Rus-

5420.0 13520.0 228.0 84.0 sian
5732.0 13520.0 372.0 100.0 deluge
6188.0 13528.0 332.0 92.0 swept
6600.0 13524.0 432.0 108.0 farther,
7116.0 13524.0 184.0 92.0 but
7380.0 13532.0 84.0 84.0 it
7536.0 13532.0 172.0 84.0 did

5416.0 13664.0 212.0 80.0 not.
5776.0 13656.0 220.0 84.0 The
6080.0 13656.0 516.0 88.0 Russians
6680.0 13660.0 440.0 104.0 stopped
7208.0 13664.0 364.0 88.0 within
7652.0 13692.0 60.0 64.0 a

5416.0 13792.0 472.0 88.0 hundred
5964.0 13792.0 216.0 88.0 feet
6252.0 13796.0 112.0 84.0 of
6428.0 13796.0 436.0 100.0 victory.
6972.0 13808.0 88.0 80.0 It
7132.0 13824.0 240.0 76.0 may
7444.0 13804.0 268.0 88.0 have

5420.0 13932.0 260.0 88.0 been
5740.0 13932.0 236.0 84.0 lack
6036.0 13932.0 108.0 84.0 of
6200.0 13932.0 580.0 104.0 discipline,
6840.0 13936.0 240.0 84.0 lack
7136.0 13940.0 112.0 84.0 of
7300.0 13944.0 412.0 88.0 officers

5420.0 14092.0 116.0 64.0 or
5608.0 14068.0 236.0 88.0 lack
5920.0 14068.0 108.0 88.0 of
6092.0 14088.0 528.0 92.0 reserves;
6712.0 14096.0 132.0 64.0 no
6916.0 14096.0 200.0 64.0 one
7188.0 14076.0 392.0 92.0 knows.

5544.0 14228.0 220.0 84.0 The
5876.0 14224.0 516.0 88.0 Russians
6500.0 14228.0 420.0 88.0 seemed
7032.0 14232.0 464.0 104.0 helpless
7608.0 14236.0 104.0 88.0 In

5416.0 14368.0 184.0 88.0 the
5664.0 14368.0 448.0 88.0 German
6176.0 14364.0 420.0 108.0 trench;
6680.0 14368.0 412.0 84.0 Instead
7160.0 14376.0 108.0 84.0 of
7332.0 14396.0 348.0 80.0 sweep-

5420.0 14508.0 180.0 96.0 ing
5656.0 14528.0 128.0 60.0 on
5844.0 14504.0 220.0 84.0 into
6120.0 14504.0 184.0 84.0 the
6360.0 14504.0 388.0 84.0 second
6808.0 14504.0 268.0 88.0 lines
7136.0 14508.0 248.0 100.0 they
7440.0 14512.0 268.0 88.0 tried

5420.0 14648.0 104.0 80.0 to
5588.0 14640.0 484.0 88.0 intrench
6128.0 14640.0 648.0 88.0 themselves
6832.0 14644.0 100.0 84.0 in
6992.0 14644.0 184.0 88.0 the
7228.0 14648.0 480.0 88.0 wrecked

5420.0 14780.0 452.0 84.0 German
5960.0 14776.0 232.0 88.0 first
6272.0 14776.0 240.0 88.0 line.
6668.0 14780.0 728.0 104.0 Immediately
7480.0 14784.0 204.0 88.0 Ger-

5420.0 14940.0 240.0 60.0 man
5780.0 14916.0 476.0 100.0 artillery
6368.0 14912.0 368.0 88.0 hurled
6860.0 14916.0 328.0 88.0 shells
7308.0 14924.0 112.0 84.0 of
7536.0 14924.0 176.0 84.0 the

5420.0 15056.0 484.0 84.0 heaviest
5980.0 15052.0 392.0 84.0 caliber
6452.0 15052.0 220.0 88.0 into
6752.0 15052.0 300.0 88.0 these
7132.0 15056.0 296.0 112.0 lines,
7508.0 15060.0 200.0 88.0 and

5420.0 15196.0 232.0 80.0 tore
5720.0 15188.0 288.0 88.0 them
6088.0 15188.0 220.0 88.0 into
6388.0 15188.0 616.0 104.0 fragments.

5536.0 15336.0 292.0 84.0 Then
5880.0 15356.0 292.0 64.0 came
6224.0 15336.0 176.0 88.0 the
6452.0 15336.0 452.0 84.0 German
6952.0 15360.0 516.0 80.0 reserves,
7508.0 15348.0 204.0 84.0 and

5424.0 15476.0 128.0 100.0 by
5640.0 15476.0 492.0 100.0 nightfall
6224.0 15476.0 180.0 84.0 the
6504.0 15476.0 516.0 84.0 Russians
7108.0 15480.0 200.0 84.0 had
7404.0 15488.0 308.0 96.0 again

5424.0 15616.0 260.0 84.0 been
5780.0 15612.0 364.0 84.0 driven
6240.0 15616.0 208.0 92.0 out,
6548.0 15612.0 176.0 88.0 800
6820.0 15612.0 108.0 84.0 of
7024.0 15616.0 284.0 88.0 them
7404.0 15620.0 312.0 104.0 being

5424.0 15752.0 316.0 88.0 taken
5816.0 15752.0 564.0 100.0 prisoners.

5552.0 15900.0 272.0 84.0 Four
5896.0 15896.0 256.0 100.0 days
6232.0 15896.0 108.0 84.0 of
6412.0 15896.0 384.0 88.0 almost
6868.0 15896.0 484.0 96.0 absolute
7428.0 15912.0 288.0 96.0 quiet

5424.0 16032.0 512.0 100.0 followed,
5992.0 16032.0 248.0 84.0 with
6292.0 16032.0 248.0 100.0 only
6588.0 16036.0 600.0 88.0 occasional
7240.0 16044.0 476.0 104.0 artillery

5424.0 16172.0 188.0 84.0 fire
5668.0 16168.0 200.0 88.0 and
5932.0 16192.0 232.0 60.0 now
6220.0 16168.0 204.0 84.0 and
6488.0 16168.0 248.0 84.0 then
6800.0 16192.0 60.0 64.0 a
6924.0 16180.0 592.0 100.0 sputtering
7580.0 16184.0 104.0 84.0 in-

5424.0 16312.0 356.0 96.0 fantry
5836.0 16304.0 344.0 100.0 volley
6236.0 16328.0 364.0 60.0 across
6660.0 16308.0 180.0 84.0 the
6900.0 16308.0 304.0 100.0 glade
7264.0 16316.0 248.0 84.0 with
7580.0 16320.0 136.0 84.0 its

5424.0 16444.0 396.0 88.0 burden
5884.0 16444.0 112.0 80.0 of
6056.0 16440.0 312.0 84.0 death
6440.0 16444.0 296.0 84.0 when
6808.0 16444.0 180.0 84.0 the
7052.0 16460.0 304.0 76.0 scout
7420.0 16464.0 296.0 88.0 posts

5424.0 16604.0 128.0 64.0 on
5640.0 16580.0 340.0 84.0 either
6064.0 16580.0 228.0 84.0 side
6372.0 16576.0 448.0 104.0 thought
6904.0 16580.0 548.0 104.0 they'-saw
7540.0 16592.0 176.0 84.0 the

5424.0 16736.0 400.0 80.0 enemy.
6024.0 16712.0 224.0 88.0 The
6344.0 16716.0 468.0 84.0 weather
6912.0 16724.0 372.0 84.0 turned
7396.0 16748.0 316.0 68.0 warm

7680.0 1084.0 300.0 72.0 again
8068.0 1084.0 196.0 60.0 aiiu
8360.0 1072.0 172.0 72.0 the
8620.0 1068.0 232.0 76.0 held
8940.0 1084.0 96.0 60.0 or
9132.0 1064.0 320.0 84.0 buttle
9628.0 1112.0 120.0 40.0 m
9828.0 1116.0 128.0 44.0 a.u

7680.0 1196.0 376.0 84.0 almost
8140.0 1196.0 632.0 100.0 impassable
8848.0 1220.0 420.0 76.0 swamp.

8032.0 1400.0 376.0 80.0 Attack
8476.0 1400.0 464.0 84.0 Without
9012.0 1412.0 304.0 76.0 Drum
9392.0 1416.0 252.0 80.0 Fire.

7808.0 1624.0 152.0 88.0 On
8044.0 1628.0 176.0 80.0 the
8304.0 1628.0 356.0 100.0 eighth
8744.0 1628.0 196.0 100.0 day
9024.0 1644.0 408.0 88.0 reports
9516.0 1640.0 440.0 92.0 reached

7688.0 1760.0 172.0 84.0 the
7912.0 1760.0 444.0 84.0 German
8420.0 1764.0 264.0 84.0 lines
8740.0 1768.0 228.0 84.0 that
9028.0 1772.0 172.0 80.0 the
9264.0 1776.0 508.0 88.0 Russians
9832.0 1800.0 96.0 68.0 in-

7688.0 1896.0 376.0 84.0 tended
8132.0 1904.0 104.0 76.0 to
8296.0 1900.0 304.0 84.0 make
8660.0 1924.0 60.0 60.0 a
8784.0 1908.0 464.0 96.0 surprise
9316.0 1916.0 356.0 84.0 attack
9740.0 1920.0 224.0 84.0 that

7688.0 2032.0 292.0 96.0 night
8036.0 2032.0 432.0 88.0 without
8524.0 2060.0 204.0 76.0 any
8780.0 2040.0 292.0 88.0 drum
9136.0 2048.0 208.0 84.0 fire.
9464.0 2052.0 220.0 84.0 The
9736.0 2056.0 200.0 84.0 Ger-

7696.0 2192.0 236.0 60.0 man
8044.0 2172.0 472.0 100.0 artillery
8628.0 2176.0 532.0 88.0 therefore
9276.0 2184.0 396.0 84.0 shelled
9796.0 2192.0 172.0 84.0 the

7692.0 2304.0 448.0 84.0 Russian
8244.0 2312.0 352.0 84.0 woods
8692.0 2320.0 104.0 76.0 at
8892.0 2336.0 64.0 64.0 a
9048.0 2320.0 392.0 84.0 terrific
9536.0 2332.0 224.0 76.0 rate
9860.0 2336.0 108.0 76.0 at

7688.0 2440.0 368.0 100.0 hourly
8112.0 2444.0 508.0 88.0 intervals
8676.0 2448.0 452.0 112.0 through
9188.0 2456.0 176.0 84.0 the
9420.0 2460.0 324.0 104.0 night.
9804.0 2464.0 160.0 84.0 All

7688.0 2576.0 180.0 84.0 the
7920.0 2588.0 356.0 92.0 troops
8332.0 2588.0 532.0 84.0 remained
8924.0 2612.0 128.0 60.0 on
9108.0 2592.0 252.0 100.0 duty
9416.0 2600.0 436.0 84.0 without
9912.0 2620.0 56.0 64.0 a

7688.0 2716.0 396.0 84.0 minute
8208.0 2720.0 108.0 80.0 of
8444.0 2724.0 316.0 100.0 sleep,
8888.0 2724.0 180.0 92.0 but
9196.0 2752.0 132.0 60.0 no
9460.0 2732.0 508.0 88.0 Russians

7688.0 2872.0 320.0 64.0 came.
8152.0 2856.0 216.0 84.0 Thy
8448.0 2868.0 248.0 76.0 next
8764.0 2860.0 200.0 104.0 day
9044.0 2888.0 212.0 64.0 was
9340.0 2868.0 308.0 104.0 quiet.

7812.0 2988.0 272.0 88.0 That
8140.0 2992.0 296.0 100.0 night
8492.0 3000.0 304.0 96.0 again
8856.0 3004.0 76.0 80.0 It
8988.0 3024.0 212.0 60.0 was
9260.0 3004.0 356.0 88.0 feared
9668.0 3008.0 300.0 88.0 there

7692.0 3124.0 328.0 100.0 might
8128.0 3124.0 188.0 108.0 be.
8352.0 3152.0 60.0 64.0 a
8516.0 3136.0 464.0 100.0 surprise
9084.0 3140.0 360.0 84.0 attack
9548.0 3140.0 200.0 88.0 and
9856.0 3168.0 112.0 64.0 so

7688.0 3264.0 304.0 96.0 again
8056.0 3264.0 176.0 84.0 the
8292.0 3272.0 444.0 84.0 German
8800.0 3276.0 476.0 100.0 artillery
9336.0 3280.0 396.0 84.0 shelled
9788.0 3284.0 180.0 84.0 the

7696.0 3400.0 444.0 84.0 Russian
8204.0 3404.0 264.0 84.0 lines
8528.0 3408.0 264.0 84.0 until
8848.0 3412.0 512.0 100.0 morning.
9416.0 3416.0 200.0 84.0 But
9672.0 3416.0 296.0 88.0 there

7696.0 3556.0 204.0 60.0 was
7948.0 3560.0 132.0 60.0 no
8128.0 3544.0 360.0 80.0 attack
8544.0 3548.0 260.0 84.0 until
8856.0 3548.0 180.0 84.0 the
9084.0 3548.0 532.0 104.0 following
9664.0 3576.0 304.0 76.0 noon,

7692.0 3672.0 328.0 104.0 when,
8116.0 3676.0 440.0 92.0 without
8640.0 3704.0 204.0 80.0 any
8936.0 3684.0 476.0 104.0 artillery
9496.0 3708.0 444.0 84.0 prepara-

7692.0 3808.0 244.0 96.0 tion,
8032.0 3812.0 176.0 84.0 the
8308.0 3812.0 448.0 88.0 Russian
8860.0 3824.0 560.0 96.0 onslaught
9520.0 3848.0 212.0 60.0 was
9828.0 3848.0 116.0 64.0 re-

7688.0 3944.0 404.0 100.0 peated.
8248.0 3952.0 84.0 80.0 A
8388.0 3952.0 448.0 88.0 German
8892.0 3956.0 348.0 88.0 officer
9300.0 3960.0 212.0 84.0 told
9568.0 3984.0 168.0 60.0 me
9792.0 3964.0 176.0 84.0 the

7692.0 4088.0 284.0 92.0 story
8048.0 4088.0 108.0 80.0 of
8220.0 4088.0 232.0 88.0 that
8516.0 4092.0 392.0 88.0 attack.
9072.0 4092.0 164.0 88.0 He
9300.0 4096.0 224.0 84.0 said
9592.0 4096.0 232.0 88.0 that
9892.0 4100.0 80.0 84.0 if

7692.0 4216.0 124.0 84.0 he
7896.0 4216.0 200.0 88.0 had
8176.0 4228.0 184.0 80.0 not
8432.0 4248.0 248.0 64.0 seen
8764.0 4232.0 80.0 84.0 it
8920.0 4228.0 432.0 88.0 himself
9424.0 4232.0 132.0 84.0 he
9632.0 4236.0 328.0 84.0 would

7688.0 4376.0 324.0 64.0 never
8096.0 4356.0 264.0 88.0 have
8452.0 4360.0 476.0 92.0 believed
9020.0 4368.0 80.0 84.0 It
9188.0 4368.0 464.0 100.0 possible
9744.0 4372.0 224.0 84.0 that

7688.0 4512.0 132.0 64.0 an
7884.0 4496.0 360.0 84.0 attack
8308.0 4500.0 336.0 84.0 would
8716.0 4524.0 288.0 64.0 come
9068.0 4512.0 184.0 76.0 out
9312.0 4504.0 112.0 84.0 of
9480.0 4504.0 180.0 88.0 the
9724.0 4508.0 216.0 84.0 Rus-

7692.0 4628.0 224.0 84.0 sian
8000.0 4632.0 380.0 108.0 woods,
8460.0 4636.0 344.0 88.0 where
8888.0 4640.0 176.0 84.0 the
9144.0 4640.0 268.0 84.0 lines
9492.0 4664.0 276.0 64.0 were
9840.0 4644.0 96.0 84.0 al-

7688.0 4772.0 276.0 80.0 most
8048.0 4772.0 268.0 96.0 1,500
8396.0 4776.0 316.0 96.0 yards
8792.0 4784.0 332.0 92.0 apart.

7812.0 4900.0 564.0 112.0 Suddenly,
8476.0 4912.0 440.0 88.0 without
9016.0 4936.0 204.0 76.0 any
9312.0 4916.0 500.0 104.0 warning,
9916.0 4936.0 56.0 64.0 a

7688.0 5040.0 696.0 88.0 mud-colored
8448.0 5068.0 296.0 64.0 wave
8808.0 5048.0 328.0 100.0 begaD
9204.0 5056.0 104.0 80.0 to
9368.0 5072.0 260.0 80.0 pour
9692.0 5052.0 272.0 88.0 forth

7688.0 5176.0 268.0 84.0 from
8016.0 5176.0 180.0 88.0 the
8256.0 5180.0 360.0 92.0 forest.
8740.0 5192.0 92.0 84.0 It
8892.0 5208.0 216.0 64.0 was
9168.0 5212.0 64.0 60.0 a,
9284.0 5188.0 212.0 84.0 line
9560.0 5188.0 108.0 84.0 of
9720.0 5188.0 220.0 84.0 Rus-

7688.0 5312.0 288.0 84.0 sians
8092.0 5316.0 300.0 88.0 three
8508.0 5320.0 320.0 88.0 ranks
8948.0 5324.0 292.0 100.0 deep,
9364.0 5328.0 608.0 96.0 containing

7688.0 5468.0 284.0 64.0 more
8040.0 5452.0 256.0 88.0 than
8368.0 5456.0 268.0 96.0 1,000
8708.0 5480.0 272.0 68.0 men.
9112.0 5448.0 292.0 112.0 ftiey
9472.0 5460.0 492.0 88.0 marched

7688.0 5588.0 232.0 100.0 step
8008.0 5588.0 132.0 100.0 by
8224.0 5600.0 264.0 96.0 step,
8572.0 5596.0 204.0 84.0 and
8868.0 5596.0 168.0 88.0 did
9124.0 5604.0 184.0 80.0 not
9388.0 5620.0 224.0 64.0 run.
9800.0 5596.0 144.0 84.0 Be-

7684.0 5720.0 248.0 88.0 hind
8004.0 5724.0 212.0 88.0 this
8284.0 5752.0 216.0 64.0 was
8568.0 5752.0 64.0 64.0 a
8696.0 5736.0 384.0 84.0 second
9156.0 5756.0 292.0 64.0 wave
9512.0 5732.0 212.0 88.0 like
9792.0 5736.0 180.0 84.0 the

7688.0 5856.0 256.0 100.0 first,
8032.0 5864.0 200.0 80.0 and
8320.0 5868.0 252.0 84.0 then
8660.0 5892.0 60.0 60.0 a
8800.0 5872.0 312.0 96.0 third,
9200.0 5872.0 180.0 88.0 the
9460.0 5872.0 512.0 84.0 intervals

7688.0 5992.0 468.0 92.0 between
8236.0 6004.0 284.0 84.0 them
8600.0 6004.0 312.0 104.0 being
8984.0 6008.0 316.0 88.0 about
9376.0 6012.0 168.0 84.0 150
9628.0 6008.0 340.0 100.0 yards.

7808.0 6132.0 220.0 84.0 The
8108.0 6136.0 448.0 88.0 German
8636.0 6144.0 476.0 100.0 r.rtillery
9188.0 6148.0 228.0 84.0 tore
9492.0 6144.0 296.0 84.0 holes
9868.0 6144.0 96.0 84.0 in

7684.0 6268.0 180.0 88.0 the
7968.0 6272.0 352.0 100.0 ranks,
8428.0 6280.0 332.0 84.0 which
8876.0 6284.0 396.0 96.0 merely
9376.0 6280.0 352.0 88.0 closed
9840.0 6300.0 132.0 80.0 up

7684.0 6408.0 340.0 96.0 again,
8116.0 6412.0 492.0 88.0 marched
8704.0 6436.0 128.0 64.0 on
8920.0 6416.0 204.0 88.0 and
9216.0 6416.0 304.0 88.0 made
9608.0 6436.0 136.0 68.0 an
9832.0 6420.0 108.0 80.0 at-

7684.0 6548.0 336.0 96.0 tempt
8140.0 6552.0 108.0 80.0 to
8380.0 6548.0 212.0 92.0 fire.
8784.0 6552.0 292.0 100.0 They
9204.0 6552.0 524.0 108.0 marched,
9852.0 6576.0 120.0 64.0 as

7684.0 6680.0 392.0 100.0 though
8172.0 6704.0 128.0 64.0 on
8392.0 6688.0 416.0 100.0 parade.
8968.0 6692.0 152.0 88.0 "It
9208.0 6712.0 220.0 64.0 was
9512.0 6688.0 424.0 104.0 magnifi-

7684.0 6824.0 268.0 100.0 cent,
8036.0 6816.0 180.0 92.0 but
8300.0 6824.0 572.0 100.0 criminal,"
8956.0 6828.0 224.0 84.0 said
9264.0 6828.0 180.0 84.0 the
9520.0 6824.0 448.0 88.0 German

7680.0 6952.0 376.0 96.0 officer.

7808.0 7092.0 288.0 84.0 Then
8196.0 7116.0 296.0 68.0 came
8584.0 7120.0 64.0 64.0 a
8736.0 7100.0 352.0 88.0 fourth
9188.0 7100.0 208.0 88.0 line
9488.0 7100.0 216.0 88.0 like
9792.0 7100.0 180.0 88.0 the

7684.0 7228.0 304.0 84.0 other
8068.0 7232.0 328.0 88.0 three.
8544.0 7236.0 220.0 88.0 The
8852.0 7244.0 232.0 84.0 first
9164.0 7240.0 212.0 84.0 line
9460.0 7260.0 216.0 64.0 was
9756.0 7232.0 216.0 88.0 less

7684.0 7364.0 252.0 84.0 than
8048.0 7368.0 272.0 100.0 1,000
8432.0 7372.0 312.0 100.0 yards
8856.0 7376.0 268.0 84.0 from
9232.0 7376.0 184.0 88.0 the
9520.0 7372.0 448.0 88.0 German

7680.0 7504.0 528.0 88.0 trenches.
8356.0 7508.0 92.0 88.0 It
8536.0 7532.0 296.0 64.0 came
8920.0 7532.0 116.0 64.0 so
9124.0 7512.0 368.0 100.0 slowly
9576.0 7512.0 232.0 84.0 that
9892.0 7512.0 80.0 84.0 it

7680.0 7656.0 216.0 64.0 was
8028.0 7644.0 464.0 96.0 possible
8624.0 7648.0 168.0 84.0 for
8912.0 7648.0 184.0 88.0 the
9224.0 7648.0 512.0 84.0 Germans
9864.0 7648.0 108.0 80.0 to

7680.0 7772.0 312.0 88.0 make
8088.0 7776.0 304.0 100.0 plans
8496.0 7784.0 248.0 84.0 with
8848.0 7784.0 284.0 88.0 cruel
9236.0 7784.0 524.0 104.0 precision
9864.0 7784.0 108.0 84.0 to

7680.0 7916.0 276.0 80.0 meet
8024.0 7916.0 108.0 84.0 it.

7872.0 8088.0 404.0 100.0 Caught
8360.0 8092.0 484.0 84.0 Between
8928.0 8092.0 324.0 84.0 Walls
9328.0 8096.0 112.0 80.0 of
9520.0 8096.0 260.0 88.0 Firo.

7816.0 8312.0 320.0 84.0 When
8204.0 8312.0 180.0 88.0 the
8444.0 8312.0 356.0 84.0 fourth
8868.0 8312.0 212.0 88.0 line
9144.0 8316.0 488.0 104.0 emerged
9700.0 8316.0 268.0 84.0 from

7680.0 8452.0 180.0 84.0 the
7952.0 8452.0 452.0 88.0 Russian
8500.0 8448.0 292.0 88.0 wood
8884.0 8452.0 180.0 84.0 the
9156.0 8448.0 448.0 88.0 German
9696.0 8452.0 244.0 88.0 artil-

7680.0 8588.0 224.0 100.0 lery
7976.0 8584.0 456.0 104.0 dropped
8516.0 8608.0 60.0 60.0 a
8648.0 8588.0 412.0 84.0 curtain
9136.0 8592.0 112.0 80.0 of
9320.0 8588.0 184.0 84.0 fire
9588.0 8588.0 380.0 88.0 behind

7684.0 8728.0 76.0 84.0 It
7848.0 8724.0 200.0 84.0 and
8140.0 8724.0 252.0 84.0 then
8484.0 8744.0 60.0 64.0 a
8632.0 8724.0 408.0 84.0 similar
9120.0 8724.0 240.0 84.0 wall
9444.0 8724.0 116.0 88.0 of
9644.0 8724.0 328.0 88.0 shells

7680.0 8860.0 336.0 88.0 ahead
8104.0 8864.0 108.0 80.0 of
8292.0 8860.0 308.0 84.0 those
8684.0 8860.0 104.0 84.0 In
8880.0 8860.0 312.0 88.0 front.
9340.0 8860.0 292.0 104.0 They
9716.0 8864.0 252.0 84.0 then

7680.0 8996.0 372.0 88.0 moved
8128.0 8996.0 300.0 84.0 these
8500.0 9000.0 208.0 80.0 two
8784.0 8996.0 296.0 84.0 walls
9164.0 9000.0 336.0 84.0 closer
9576.0 9000.0 364.0 100.0 togeth-

7684.0 9156.0 112.0 64.0 er
7888.0 9136.0 252.0 84.0 with
8236.0 9156.0 60.0 64.0 a
8388.0 9132.0 212.0 84.0 hail
8696.0 9132.0 112.0 84.0 of
8900.0 9132.0 496.0 104.0 shrapnel
9496.0 9132.0 468.0 92.0 between

7680.0 9272.0 316.0 104.0 them,
8056.0 9272.0 308.0 80.0 while
8424.0 9276.0 108.0 80.0 at
8588.0 9268.0 184.0 88.0 the
8828.0 9292.0 292.0 64.0 same
9176.0 9272.0 260.0 84.0 time
9492.0 9272.0 252.0 96.0 they
9796.0 9276.0 172.0 84.0 cut

7680.0 9412.0 292.0 80.0 loose
8040.0 9408.0 252.0 84.0 with
8364.0 9408.0 180.0 84.0 the
8616.0 9408.0 484.0 84.0 machine
9172.0 9428.0 296.0 80.0 guns.

7804.0 9544.0 224.0 104.0 Tb,e
8084.0 9544.0 484.0 100.0 splendid
8632.0 9544.0 568.0 88.0 formation
9256.0 9544.0 112.0 84.0 of
9424.0 9548.0 544.0 96.0 Russians,

7680.0 9680.0 440.0 104.0 trapped
8172.0 9680.0 472.0 84.0 between
8700.0 9680.0 184.0 84.0 the
8936.0 9680.0 300.0 84.0 walls
9288.0 9680.0 108.0 84.0 of
9444.0 9680.0 216.0 96.0 fire,
9712.0 9688.0 228.0 80.0 scat-

7680.0 9816.0 292.0 88.0 tered
8084.0 9816.0 604.0 104.0 heedlessly
8792.0 9816.0 100.0 84.0 in
9000.0 9836.0 320.0 80.0 every
9424.0 9816.0 548.0 100.0 direction,

7680.0 9956.0 184.0 88.0 but
7920.0 9956.0 104.0 84.0 in
8084.0 9956.0 272.0 80.0 vain.
8480.0 9952.0 348.0 88.0 Shells
8868.0 9952.0 424.0 100.0 gouged
9356.0 9952.0 260.0 104.0 deep
9672.0 9952.0 296.0 84.0 holes

7680.0 10092.0 104.0 84.0 in
7852.0 10092.0 184.0 88.0 the
8104.0 10088.0 584.0 104.0 dissolving
8752.0 10088.0 352.0 88.0 ranks.
9240.0 10088.0 220.0 84.0 The
9528.0 10092.0 156.0 80.0 air
9756.0 10112.0 212.0 60.0 was

7680.0 10228.0 280.0 84.0 filled
8040.0 10228.0 252.0 84.0 with
8372.0 10228.0 396.0 80.0 clamor
8840.0 10224.0 204.0 84.0 and
9128.0 10224.0 384.0 88.0 frantic
9552.0 10224.0 416.0 84.0 shrieks

7692.0 10388.0 264.0 64.0 were
8040.0 10384.0 616.0 64.0 somenmes
8744.0 10360.0 320.0 88.0 heard
9152.0 10360.0 336.0 88.0 above
9568.0 10364.0 180.0 84.0 the
9836.0 10364.0 132.0 84.0 in-
10088.0 10408.0 80.0 64.0 ei

7692.0 10504.0 416.0 84.0 lessant
8152.0 10520.0 240.0 64.0 roar
8444.0 10496.0 204.0 88.0 and
8700.0 10496.0 500.0 100.0 cracking
9248.0 10520.0 116.0 64.0 or
9412.0 10496.0 556.0 104.0 explodiLg
10084.0 10528.0 84.0 64.0 ir

7692.0 10636.0 628.0 104.0 projectiles.
10088.0 10656.0 80.0 60.0 oi

7808.0 10772.0 536.0 88.0 Deafened
8428.0 10792.0 236.0 64.0 men
8748.0 10772.0 384.0 100.0 sought
9208.0 10780.0 112.0 76.0 to
9400.0 10772.0 176.0 100.0 dig
9652.0 10772.0 316.0 84.0 them-
10088.0 10764.0 80.0 80.0 ti

7692.0 10912.0 336.0 84.0 selves
8108.0 10912.0 220.0 84.0 into
8404.0 10908.0 180.0 88.0 the
8664.0 10908.0 400.0 100.0 ground
9144.0 10908.0 104.0 84.0 in
9328.0 10908.0 176.0 88.0 the
9584.0 10908.0 380.0 84.0 foolish
10088.0 10900.0 80.0 60.0 11

7692.0 11048.0 312.0 84.0 belief
8052.0 11048.0 232.0 84.0 that
8344.0 11044.0 248.0 100.0 they
8652.0 11044.0 300.0 88.0 could
9016.0 11044.0 208.0 88.0 find
9284.0 11044.0 348.0 100.0 safety
9672.0 11044.0 296.0 88.0 there
10088.0 11024.0 60.0 64.0 "

7692.0 11188.0 256.0 80.0 from
8052.0 11184.0 212.0 84.0 this
8372.0 11180.0 376.0 100.0 deluge
8848.0 11180.0 112.0 84.0 of
9056.0 11180.0 360.0 88.0 shells.
9588.0 11180.0 376.0 88.0 Others
10096.0 11248.0 16.0 16.0 .

7692.0 11320.0 296.0 88.0 raced
8052.0 11316.0 352.0 104.0 madly
8460.0 11316.0 164.0 84.0 for
8680.0 11316.0 188.0 88.0 the
8916.0 11336.0 240.0 68.0 rear
9208.0 11316.0 212.0 92.0 and
9468.0 11336.0 300.0 68.0 some
9824.0 11336.0 120.0 68.0 es-

7692.0 11456.0 312.0 104.0 caped
8076.0 11456.0 104.0 84.0 in
8252.0 11452.0 216.0 88.0 this
8540.0 11476.0 228.0 80.0 way
8836.0 11476.0 120.0 64.0 as
9024.0 11452.0 88.0 84.0 if
9172.0 11452.0 136.0 100.0 by
9376.0 11476.0 64.0 64.0 a
9508.0 11452.0 432.0 92.0 m'rcle

7692.0 11592.0 224.0 88.0 Still
8008.0 11592.0 360.0 88.0 others
8464.0 11612.0 188.0 64.0 ran
8744.0 11596.0 36.0 80.0 t
9092.0 11588.0 48.0 44.0 "
9240.0 11596.0 216.0 76.0 t-
9516.0 11576.0 460.0 124.0 '"TTiii
10028.0 11640.0 88.0 64.0 in

7692.0 11732.0 284.0 104.0 Unes,
8040.0 11728.0 1000.0 112.0 onTytota--7"c'ut
9100.0 11756.0 300.0 84.0 down
9460.0 11752.0 136.0 100.0 by
9652.0 11752.0 184.0 88.0 the
7692.0 11756.0 2432.0 264.0 Ger-tn2fln3acnlne-gun

8932.0 11892.0 220.0 92.0 fire.

7960.0 12032.0 112.0 84.0 In
8128.0 12032.0 220.0 84.0 less
8408.0 12028.0 252.0 92.0 than
8724.0 12032.0 396.0 100.0 twenty
9180.0 12028.0 460.0 88.0 minutes
9700.0 12028.0 176.0 88.0 the
9936.0 12036.0 164.0 80.0 ter-

7692.0 12152.0 20.0 160.0 j
7836.0 12168.0 264.0 88.0 rible
8156.0 12168.0 368.0 84.0 drama
8576.0 12188.0 224.0 68.0 was
8856.0 12188.0 276.0 64.0 over.
9228.0 12164.0 220.0 88.0 The
9504.0 12164.0 364.0 88.0 attack
9924.0 12164.0 200.0 88.0 had

7836.0 12312.0 228.0 84.0 cost
8132.0 12304.0 184.0 88.0 the
8380.0 12308.0 520.0 88.0 Russians
8972.0 12300.0 272.0 100.0 4,000
9312.0 12304.0 296.0 104.0 lives,
9680.0 12300.0 200.0 88.0 and
9956.0 12308.0 168.0 96.0 yet

7836.0 12448.0 180.0 80.0 not
8072.0 12464.0 60.0 64.0 a
8188.0 12444.0 452.0 88.0 Russian
8704.0 12440.0 392.0 84.0 soldier
9148.0 12436.0 204.0 88.0 had
9408.0 12460.0 296.0 64.0 come
9760.0 12440.0 364.0 84.0 within

7836.0 12580.0 176.0 88.0 500
8100.0 12576.0 320.0 104.0 yards
8512.0 12580.0 112.0 80.0 of
8708.0 12576.0 180.0 88.0 the
8976.0 12572.0 452.0 88.0 German
9516.0 12576.0 304.0 84.0 lines.
9980.0 12572.0 144.0 92.0 "It

7836.0 12736.0 216.0 64.0 was
8120.0 12736.0 64.0 64.0 a
8244.0 12712.0 436.0 88.0 terrible
8748.0 12712.0 436.0 84.0 harvest
9252.0 12712.0 108.0 84.0 of
9424.0 12708.0 408.0 104.0 death,"
9900.0 12708.0 224.0 88.0 said

7836.0 12852.0 180.0 88.0 the
8100.0 12848.0 352.0 88.0 officer
8540.0 12848.0 232.0 88.0 who
8860.0 12848.0 552.0 84.0 described
9500.0 12848.0 180.0 84.0 the
9768.0 12844.0 356.0 88.0 battle.

7836.0 12992.0 92.0 84.0 It
7980.0 13008.0 220.0 64.0 was
8252.0 12988.0 180.0 84.0 the
8492.0 12984.0 208.0 88.0 last
8756.0 13004.0 256.0 80.0 gasp
9076.0 12984.0 108.0 84.0 of
9236.0 12984.0 180.0 88.0 the
9476.0 12984.0 460.0 84.0 Russian
9992.0 12984.0 112.0 84.0 of-

7692.0 13116.0 16.0 88.0 I
7840.0 13124.0 408.0 84.0 tensive
8308.0 13124.0 112.0 84.0 at
8484.0 13120.0 216.0 88.0 this
8764.0 13120.0 320.0 104.0 point.

7840.0 13400.0 476.0 136.0 TEACH
8456.0 13400.0 380.0 132.0 BOYS
8968.0 13396.0 336.0 136.0 HOW
9436.0 13400.0 184.0 132.0 TO
9752.0 13392.0 372.0 140.0 COOK

7844.0 13724.0 528.0 84.0 Domestic
8448.0 13720.0 436.0 84.0 Science
8960.0 13716.0 436.0 108.0 Applied
9476.0 13720.0 128.0 104.0 by
9692.0 13716.0 264.0 88.0 Lads
10040.0 13720.0 88.0 84.0 In

8148.0 13860.0 412.0 80.0 Kansas
8628.0 13856.0 480.0 108.0 Opposed
9180.0 13856.0 128.0 100.0 by
9372.0 13856.0 180.0 80.0 the
9620.0 13852.0 208.0 88.0 Girl

8720.0 13992.0 540.0 84.0 Students.

7964.0 14268.0 680.0 96.0 McPherson,
8708.0 14268.0 264.0 84.0 Kan.
9108.0 14260.0 284.0 100.0 Leap
9456.0 14280.0 252.0 80.0 year
9772.0 14256.0 88.0 92.0 Is
9924.0 14280.0 184.0 84.0 pro-

7836.0 14404.0 384.0 104.0 ducing
8352.0 14400.0 448.0 88.0 adverse
8936.0 14396.0 396.0 88.0 results
9468.0 14396.0 104.0 84.0 in
9716.0 14396.0 412.0 88.0 Centra)

7836.0 14544.0 504.0 96.0 academy
8412.0 14536.0 204.0 88.0 and
8692.0 14536.0 400.0 100.0 college
9164.0 14532.0 284.0 88.0 here.

7964.0 14684.0 84.0 80.0 A
8144.0 14676.0 328.0 88.0 dozen
8572.0 14672.0 260.0 100.0 boys
8928.0 14672.0 272.0 84.0 have
9300.0 14668.0 416.0 100.0 applied
9820.0 14668.0 164.0 88.0 for

7840.0 14812.0 516.0 88.0 domestic
8464.0 14812.0 416.0 88.0 science
8992.0 14828.0 372.0 64.0 course
9472.0 14804.0 204.0 88.0 and
9784.0 14804.0 344.0 88.0 others

7840.0 14952.0 208.0 84.0 will
8148.0 14952.0 248.0 100.0 join.
8596.0 14944.0 220.0 88.0 The
8948.0 14944.0 584.0 84.0 Instructor
9656.0 14940.0 92.0 84.0 is
9884.0 14940.0 240.0 84.0 Miss

7836.0 15088.0 300.0 84.0 Vla
8228.0 15084.0 488.0 96.0 Graham,
8804.0 15080.0 204.0 84.0 and
9096.0 15080.0 188.0 88.0 she
9372.0 15076.0 196.0 92.0 has
9656.0 15076.0 472.0 88.0 received

7840.0 15248.0 60.0 64.0 a
7992.0 15224.0 444.0 84.0 number
8528.0 15220.0 108.0 84.0 of
8732.0 15212.0 580.0 92.0 additional
9408.0 15212.0 704.0 100.0 applications

7836.0 15364.0 220.0 80.0 The
8144.0 15380.0 372.0 64.0 course
8600.0 15352.0 208.0 88.0 will
8900.0 15348.0 416.0 88.0 Include
9404.0 15348.0 448.0 100.0 cooking
9936.0 15348.0 192.0 84.0 and

7840.0 15496.0 400.0 100.0 sewing
8312.0 15492.0 204.0 84.0 and
8596.0 15488.0 208.0 84.0 wiil
8880.0 15488.0 496.0 84.0 continue
9452.0 15484.0 180.0 84.0 the
9708.0 15484.0 400.0 84.0 remain-

7836.0 15636.0 188.0 84.0 der
8096.0 15632.0 108.0 84.0 of
8276.0 15628.0 180.0 88.0 the
8536.0 15624.0 360.0 88.0 school
8968.0 15644.0 284.0 80.0 year.

7968.0 15768.0 220.0 84.0 The
8288.0 15764.0 252.0 104.0 girls
8640.0 15784.0 184.0 64.0 are
8916.0 15756.0 316.0 104.0 doing
9328.0 15756.0 280.0 88.0 their
9704.0 15756.0 236.0 92.0 best
10036.0 15760.0 92.0 88.0 tc

7848.0 15908.0 440.0 100.0 prevent
8396.0 15900.0 180.0 84.0 the
8688.0 15900.0 604.0 80.0 movement
9404.0 15896.0 108.0 84.0 of
9624.0 15892.0 504.0 88.0 bachelor

7840.0 16040.0 268.0 88.0 hood
8200.0 16040.0 132.0 96.0 by
8428.0 16036.0 452.0 100.0 inviting
8964.0 16032.0 180.0 88.0 the
9232.0 16032.0 260.0 100.0 boys
9580.0 16036.0 108.0 80.0 to
9776.0 16028.0 352.0 88.0 attend

7844.0 16180.0 424.0 96.0 skating
8412.0 16172.0 424.0 100.0 parties,
8984.0 16164.0 184.0 88.0 but
9308.0 16164.0 180.0 92.0 the
9636.0 16164.0 492.0 92.0 domestic

7840.0 16316.0 416.0 84.0 science
8324.0 16308.0 196.0 100.0 boy
8588.0 16304.0 488.0 88.0 students
9140.0 16324.0 180.0 64.0 ara
9384.0 16300.0 268.0 100.0 busy
9716.0 16304.0 400.0 100.0 practic

7840.0 16452.0 176.0 100.0 ing
8092.0 16448.0 176.0 84.0 the
8356.0 16444.0 472.0 96.0 culinary
8908.0 16444.0 196.0 92.0 art,
9184.0 16436.0 204.0 88.0 and
9468.0 16440.0 248.0 96.0 they
9800.0 16444.0 328.0 84.0 assert

7840.0 16588.0 228.0 84.0 that
8132.0 16584.0 84.0 84.0 if
8276.0 16584.0 180.0 84.0 the
8524.0 16600.0 404.0 64.0 women
8996.0 16576.0 364.0 84.0 intend
9428.0 16576.0 104.0 84.0 to
9600.0 16576.0 208.0 84.0 live
9872.0 16576.0 244.0 84.0 inde-

7840.0 16720.0 460.0 104.0 pendent
8372.0 16720.0 268.0 84.0 lives
8720.0 16716.0 244.0 96.0 they
9040.0 16712.0 224.0 84.0 also
9344.0 16732.0 224.0 68.0 can.

5848.0 17096.0 628.0 188.0 READY
6564.0 17092.0 340.0 192.0 FOR
7040.0 17100.0 372.0 192.0 THE
7556.0 17100.0 824.0 196.0 RAIDERS
8524.0 17092.0 228.0 192.0 OF
8876.0 17088.0 376.0 192.0 THE
9392.0 17092.0 312.0 184.0 AIR

5524.0 19008.0 212.0 240.0 V
5756.0 19044.0 168.0 204.0 J-
6704.0 18988.0 228.0 244.0 V
7164.0 19044.0 144.0 188.0 "A
7416.0 18948.0 144.0 300.0 t
7692.0 19024.0 212.0 212.0 C
7996.0 19128.0 212.0 72.0 -
8828.0 19120.0 56.0 108.0 u
9276.0 19040.0 280.0 200.0 v?
9612.0 19020.0 144.0 168.0 v
9840.0 18960.0 176.0 228.0 U

5608.0 21848.0 136.0 56.0 fLfc.
5836.0 21896.0 8.0 8.0 .
5864.0 21880.0 120.0 24.0 ..v..
6272.0 21892.0 68.0 12.0 ...
6604.0 21884.0 16.0 20.0 ,
6672.0 21880.0 20.0 24.0 t
6712.0 21876.0 92.0 28.0 ..-a
6824.0 21876.0 124.0 28.0 .1...
6968.0 21848.0 284.0 56.0 --TXy.i.
7324.0 21848.0 228.0 56.0 .-3a
7572.0 21884.0 16.0 20.0 ,
7596.0 21880.0 72.0 24.0 a.
7956.0 21880.0 216.0 24.0 ..w.-.y.
8188.0 21888.0 96.0 16.0 .--r
8516.0 21892.0 8.0 12.0 .
8544.0 21896.0 8.0 8.0 .
8600.0 21892.0 8.0 8.0 .
8624.0 21836.0 132.0 68.0 jSs
8800.0 21868.0 224.0 36.0 j.-lhO.
9044.0 21872.0 64.0 32.0 .V,
9124.0 21888.0 44.0 16.0 ..
9356.0 21880.0 136.0 24.0 w.-,.
9508.0 21892.0 12.0 12.0 .
9576.0 21856.0 144.0 48.0 -vN.

5708.0 22060.0 396.0 84.0 French
6176.0 22060.0 448.0 84.0 soldiers
6692.0 22060.0 112.0 84.0 at
6876.0 22056.0 468.0 84.0 Salonlki
7416.0 22052.0 396.0 112.0 setting
7884.0 22052.0 180.0 88.0 the
8132.0 22056.0 292.0 84.0 fuses
8496.0 22056.0 108.0 84.0 of
8668.0 22052.0 704.0 88.0 antl-ircraft
9440.0 22076.0 268.0 76.0 guus
9776.0 22076.0 128.0 60.0 on
9980.0 22052.0 108.0 84.0 th

5452.0 22196.0 524.0 108.0 approach
6044.0 22196.0 108.0 88.0 of
6216.0 22196.0 452.0 84.0 German
6732.0 22192.0 496.0 88.0 aviators.

10112.0 1104.0 1384.0 400.0 PRESIDENT'S
11608.0 1112.0 672.0 392.0 REPLY

10440.0 1584.0 256.0 392.0 10
10816.0 1584.0 896.0 400.0 GERMAN
11832.0 1592.0 552.0 392.0 NOTE

10100.0 2368.0 940.0 100.0 DECLARATION
11120.0 2388.0 164.0 84.0 OF
11356.0 2392.0 1036.0 84.0 ABANDONMENT

10160.0 2508.0 164.0 80.0 OF
10392.0 2512.0 544.0 92.0 FORMER
11000.0 2524.0 788.0 88.0 SUBMARINE
11860.0 2532.0 476.0 84.0 POLICY

10352.0 2648.0 616.0 92.0 ACCEPED
11056.0 2660.0 124.0 84.0 IN
11268.0 2664.0 364.0 84.0 GOOD
11704.0 2668.0 440.0 92.0 FAITH.

10104.0 3032.0 472.0 104.0 Imperial
10660.0 3040.0 704.0 92.0 Government
11444.0 3056.0 80.0 80.0 Is
11608.0 3056.0 440.0 88.0 Notified
12128.0 3064.0 268.0 84.0 That

10284.0 3172.0 180.0 84.0 the
10548.0 3176.0 428.0 108.0 Dispute
11060.0 3188.0 272.0 84.0 With
11420.0 3192.0 308.0 84.0 Great
11816.0 3200.0 392.0 80.0 Britain

10592.0 3312.0 208.0 88.0 Has
10880.0 3324.0 148.0 84.0 No
11104.0 3324.0 436.0 108.0 Bearing
11620.0 3332.0 288.0 104.0 Upon

10908.0 3456.0 180.0 88.0 the
11176.0 3464.0 412.0 92.0 Matter.

10220.0 3764.0 728.0 112.0 "Washington.
11216.0 3788.0 556.0 92.0 President
11904.0 3796.0 496.0 88.0 Wilson's

10108.0 3904.0 284.0 104.0 reply
10476.0 3916.0 104.0 80.0 to
10668.0 3916.0 172.0 88.0 the
10928.0 3924.0 448.0 88.0 German
11460.0 3940.0 276.0 92.0 note,
11820.0 3936.0 364.0 84.0 cabled
12268.0 3936.0 132.0 100.0 by

10108.0 4040.0 552.0 112.0 Secretary
10716.0 4056.0 464.0 108.0 Lansing
11236.0 4072.0 100.0 80.0 to
11396.0 4072.0 716.0 88.0 Ambassador
12164.0 4076.0 212.0 84.0 Ger-

10104.0 4184.0 180.0 84.0 ard
10364.0 4192.0 120.0 80.0 at
10552.0 4188.0 356.0 92.0 Berlin
10984.0 4220.0 136.0 64.0 on
11208.0 4204.0 240.0 100.0 May
11528.0 4208.0 84.0 100.0 8,
11692.0 4208.0 444.0 88.0 informs
12220.0 4216.0 184.0 84.0 the

10104.0 4316.0 448.0 92.0 German
10636.0 4348.0 696.0 76.0 government
11420.0 4340.0 240.0 88.0 that
11748.0 4348.0 176.0 84.0 the
12012.0 4348.0 388.0 88.0 United

10104.0 4452.0 356.0 104.0 States
10616.0 4476.0 420.0 92.0 accepts
11196.0 4476.0 136.0 84.0 its
11432.0 4480.0 708.0 92.0 "declaration
12292.0 4488.0 116.0 84.0 of

10104.0 4592.0 776.0 96.0 abandonment
10948.0 4608.0 112.0 84.0 of
11132.0 4612.0 136.0 84.0 its
11340.0 4616.0 396.0 88.0 former
11800.0 4620.0 604.0 92.0 submarine

10104.0 4732.0 340.0 108.0 policy
10524.0 4740.0 200.0 84.0 and
10804.0 4764.0 228.0 64.0 now
11108.0 4752.0 316.0 84.0 relies
11500.0 4776.0 280.0 76.0 upon
11852.0 4776.0 68.0 64.0 a
11988.0 4780.0 388.0 84.0 scrupu-

10104.0 4864.0 224.0 88.0 lous
10396.0 4880.0 552.0 88.0 execution
11012.0 4892.0 108.0 84.0 of
11184.0 4892.0 176.0 84.0 the
11428.0 4896.0 400.0 88.0 altered
11892.0 4900.0 340.0 104.0 policy
12292.0 4904.0 112.0 80.0 to

10104.0 5024.0 420.0 72.0 remove
10592.0 5012.0 176.0 88.0 the
10840.0 5024.0 512.0 104.0 principal
11428.0 5032.0 396.0 100.0 danger
11888.0 5036.0 108.0 84.0 of
12060.0 5060.0 132.0 64.0 an
12264.0 5040.0 112.0 84.0 in-

10104.0 5144.0 584.0 104.0 terruption
10752.0 5164.0 116.0 84.0 of
10932.0 5160.0 188.0 88.0 the
11184.0 5168.0 264.0 96.0 good
11520.0 5172.0 508.0 88.0 relations
12100.0 5176.0 276.0 88.0 exist-

10104.0 5276.0 188.0 108.0 ing1,
10352.0 5284.0 484.0 92.0 between
10912.0 5300.0 180.0 84.0 the
11172.0 5308.0 204.0 84.0 two
11448.0 5308.0 632.0 92.0 countries."

10228.0 5416.0 288.0 88.0 With
10576.0 5424.0 212.0 96.0 this
10852.0 5444.0 636.0 92.0 acceptance
11552.0 5444.0 96.0 84.0 is
11708.0 5448.0 436.0 100.0 coupled
12212.0 5452.0 168.0 84.0 for-

10104.0 5560.0 208.0 84.0 mal
10380.0 5564.0 352.0 88.0 notice
10800.0 5572.0 104.0 80.0 to
10976.0 5568.0 524.0 108.0 Germany
11572.0 5576.0 228.0 92.0 that
11872.0 5588.0 176.0 80.0 the
12124.0 5584.0 252.0 84.0 Unit-

10104.0 5696.0 124.0 84.0 ed
10304.0 5696.0 352.0 88.0 States
10728.0 5716.0 384.0 76.0 cannot
11180.0 5712.0 168.0 88.0 for
11412.0 5736.0 60.0 64.0 a
11544.0 5736.0 464.0 72.0 moment
12072.0 5728.0 304.0 80.0 enter-

10112.0 5828.0 244.0 104.0 tain,
10440.0 5840.0 308.0 80.0 much
10832.0 5844.0 212.0 84.0 less
11128.0 5848.0 440.0 108.0 discuss,
11648.0 5876.0 68.0 60.0 a
11792.0 5860.0 612.0 100.0 suggestion

10108.0 5968.0 228.0 88.0 that
10404.0 5984.0 420.0 88.0 respect
10896.0 5980.0 128.0 100.0 by
11100.0 5980.0 448.0 92.0 German
11620.0 5996.0 308.0 84.0 naval
12000.0 5996.0 376.0 84.0 author-

10104.0 6104.0 240.0 88.0 ities
10416.0 6112.0 112.0 80.0 of
10612.0 6112.0 176.0 88.0 the
10868.0 6116.0 336.0 104.0 rights
11280.0 6128.0 112.0 80.0 of
11468.0 6128.0 436.0 88.0 citizens
11980.0 6136.0 112.0 80.0 of
12224.0 6136.0 180.0 84.0 the

10104.0 6240.0 388.0 92.0 United
10560.0 6248.0 352.0 92.0 States
10976.0 6280.0 132.0 60.0 on
11176.0 6260.0 176.0 88.0 the
11412.0 6260.0 256.0 104.0 high
11728.0 6288.0 236.0 64.0 seas
12032.0 6272.0 372.0 84.0 should

10100.0 6384.0 108.0 84.0 in
10288.0 6384.0 180.0 88.0 the
10552.0 6388.0 496.0 100.0 slightest
11124.0 6396.0 380.0 104.0 degree
11592.0 6404.0 124.0 88.0 be
11792.0 6408.0 304.0 88.0 made
12172.0 6432.0 200.0 64.0 con-

10100.0 6516.0 416.0 104.0 tingent
10580.0 6548.0 272.0 76.0 upon
10920.0 6532.0 176.0 88.0 the
11160.0 6540.0 448.0 88.0 conduct
11664.0 6544.0 112.0 84.0 of
11832.0 6568.0 208.0 76.0 any
12100.0 6548.0 308.0 88.0 other

10100.0 6672.0 692.0 84.0 government
10884.0 6668.0 504.0 108.0 affecting
11472.0 6680.0 180.0 84.0 the
11808.0 6684.0 340.0 100.0 rights
12296.0 6684.0 108.0 88.0 of

10100.0 6800.0 476.0 84.0 neutrals
10648.0 6804.0 204.0 84.0 and
10928.0 6816.0 908.0 92.0 noncombatants.

10224.0 6932.0 576.0 112.0 Following
10856.0 6944.0 88.0 84.0 is
11008.0 6948.0 176.0 84.0 the
11236.0 6956.0 228.0 84.0 text
11520.0 6960.0 108.0 84.0 of
11684.0 6960.0 180.0 84.0 the
11920.0 6964.0 288.0 80.0 note:

10228.0 7068.0 280.0 92.0 "The
10592.0 7084.0 248.0 80.0 note
10924.0 7084.0 112.0 88.0 of
11120.0 7084.0 180.0 88.0 the
11384.0 7092.0 480.0 100.0 imperial
11948.0 7096.0 452.0 88.0 German

10096.0 7208.0 696.0 84.0 government
10848.0 7204.0 332.0 88.0 under
11232.0 7212.0 244.0 88.0 date
11528.0 7220.0 112.0 84.0 of
11700.0 7216.0 236.0 104.0 May
11996.0 7224.0 76.0 96.0 1,
12136.0 7224.0 268.0 104.0 1916,

10100.0 7316.0 192.0 84.0 has
10368.0 7320.0 484.0 92.0 received
10924.0 7332.0 408.0 88.0 careful
11408.0 7340.0 780.0 88.0 consideration
12272.0 7348.0 132.0 100.0 by

10100.0 7440.0 184.0 84.0 the
10352.0 7456.0 692.0 88.0 government
11116.0 7456.0 108.0 84.0 of
11300.0 7460.0 176.0 84.0 the
11552.0 7460.0 384.0 92.0 United
12016.0 7468.0 388.0 84.0 States.

10100.0 7560.0 88.0 88.0 It
10244.0 7564.0 88.0 84.0 is
10388.0 7572.0 572.0 100.0 especially
11012.0 7580.0 348.0 100.0 noted,
11416.0 7604.0 116.0 64.0 as
11588.0 7584.0 580.0 108.0 indicating
12224.0 7592.0 180.0 84.0 the

10100.0 7704.0 448.0 80.0 purpose
10604.0 7696.0 112.0 84.0 of
10764.0 7692.0 180.0 88.0 the
11000.0 7700.0 480.0 100.0 imperial
11536.0 7720.0 692.0 88.0 government
12284.0 7736.0 116.0 64.0 as

10100.0 7812.0 104.0 80.0 to
10288.0 7808.0 180.0 88.0 the
10552.0 7816.0 384.0 104.0 future,
11024.0 7820.0 232.0 88.0 that
11332.0 7828.0 84.0 84.0 it
11496.0 7828.0 120.0 88.0 'is
11704.0 7840.0 504.0 96.0 prepared
12296.0 7840.0 104.0 80.0 to

10096.0 7932.0 128.0 84.0 do
10292.0 7932.0 136.0 84.0 its
10496.0 7940.0 404.0 88.0 utmost
10964.0 7944.0 100.0 84.0 to
11136.0 7952.0 404.0 84.0 confine
11608.0 7956.0 180.0 84.0 the
11856.0 7960.0 544.0 96.0 operation

10096.0 8056.0 104.0 80.0 of
10264.0 8056.0 180.0 84.0 the
10504.0 8080.0 220.0 64.0 war
10784.0 8064.0 168.0 84.0 for
11012.0 8064.0 176.0 92.0 the
11252.0 8080.0 224.0 80.0 rest
11532.0 8076.0 116.0 84.0 of
11708.0 8080.0 136.0 84.0 its
11916.0 8080.0 484.0 88.0 duration

10096.0 8180.0 104.0 84.0 to
10284.0 8176.0 176.0 88.0 the
10540.0 8184.0 448.0 104.0 fighting
11064.0 8196.0 348.0 84.0 forces
11484.0 8200.0 112.0 80.0 of
11672.0 8204.0 180.0 80.0 the
11932.0 8204.0 436.0 100.0 belliger-

10096.0 8300.0 300.0 96.0 ents,'
10460.0 8308.0 204.0 84.0 and
10732.0 8312.0 232.0 84.0 that
11028.0 8312.0 84.0 88.0 it
11172.0 8316.0 92.0 84.0 is
11332.0 8320.0 652.0 92.0 determined
12048.0 8332.0 108.0 80.0 to
12228.0 8328.0 140.0 84.0 im-

10100.0 8440.0 248.0 80.0 pose
10428.0 8448.0 272.0 80.0 upon
10780.0 8436.0 140.0 80.0 all
11000.0 8436.0 136.0 84.0 its
11212.0 8448.0 740.0 84.0 commanders
12028.0 8460.0 112.0 76.0 at
12220.0 8472.0 184.0 64.0 sea

10100.0 8544.0 176.0 88.0 the
10336.0 8548.0 624.0 92.0 limitations
11024.0 8564.0 116.0 84.0 of
11192.0 8560.0 176.0 92.0 the
11432.0 8568.0 620.0 100.0 recognized
12116.0 8576.0 284.0 84.0 rules

10092.0 8680.0 108.0 80.0 of
10288.0 8672.0 752.0 92.0 international
11136.0 8684.0 196.0 84.0 law
11420.0 8708.0 280.0 80.0 upon
11788.0 8696.0 340.0 84.0 which
12220.0 8700.0 176.0 84.0 the

10092.0 8808.0 692.0 80.0 government
10856.0 8804.0 112.0 84.0 of
11040.0 8800.0 180.0 92.0 the
11300.0 8804.0 388.0 96.0 United
11772.0 8816.0 356.0 84.0 States
12208.0 8820.0 192.0 84.0 has

10096.0 8912.0 472.0 92.0 insisted.

10220.0 9036.0 744.0 108.0 "Throughout
11148.0 9052.0 176.0 88.0 the
11476.0 9060.0 424.0 88.0 months
12052.0 9064.0 344.0 88.0 which

10088.0 9156.0 272.0 88.0 have
10448.0 9168.0 424.0 96.0 elapsed
10964.0 9172.0 288.0 88.0 since
11340.0 9176.0 176.0 88.0 the
11600.0 9180.0 480.0 104.0 imperial
12164.0 9208.0 204.0 80.0 gov-

10092.0 9292.0 484.0 80.0 ernment
10656.0 9300.0 616.0 84.0 announced
11356.0 9324.0 132.0 64.0 on
11636.0 9308.0 532.0 104.0 February
12316.0 9312.0 80.0 100.0 4,

10092.0 9404.0 268.0 112.0 1915,
10456.0 9412.0 140.0 84.0 its
10684.0 9416.0 608.0 92.0 submarine
11380.0 9424.0 372.0 104.0 policy,
11840.0 9452.0 228.0 64.0 now
12160.0 9432.0 204.0 100.0 hap-

10092.0 9528.0 212.0 100.0 pily
10360.0 9532.0 652.0 108.0 abandoned,
11072.0 9544.0 180.0 88.0 the
11304.0 9556.0 696.0 88.0 government
12048.0 9556.0 116.0 84.0 of
12216.0 9556.0 180.0 88.0 the

10096.0 9648.0 384.0 92.0 United
10608.0 9656.0 352.0 88.0 States
11088.0 9664.0 188.0 84.0 has
11404.0 9668.0 260.0 88.0 been
11788.0 9680.0 608.0 100.0 constantly

10088.0 9772.0 380.0 100.0 guided
10544.0 9780.0 204.0 84.0 and
10828.0 9788.0 592.0 88.0 restrained
11496.0 9792.0 140.0 104.0 by
11700.0 9796.0 456.0 88.0 motives
12288.0 9804.0 112.0 80.0 of

10092.0 9896.0 588.0 108.0 friendship
10760.0 9904.0 104.0 84.0 in
10944.0 9908.0 144.0 88.0 its
11228.0 9916.0 408.0 96.0 patient
11776.0 9920.0 372.0 88.0 efforts
12288.0 9928.0 108.0 80.0 to

10088.0 10016.0 308.0 104.0 bring
10476.0 10032.0 100.0 80.0 to
10656.0 10048.0 132.0 64.0 an
10872.0 10032.0 512.0 88.0 amicable
11464.0 10040.0 616.0 88.0 settlement
12212.0 10044.0 184.0 92.0 the

10088.0 10144.0 412.0 84.0 critical
10580.0 10152.0 544.0 96.0 questions
11208.0 10160.0 400.0 104.0 arising
11748.0 10168.0 272.0 84.0 from
12164.0 10168.0 236.0 88.0 that

10228.0 10316.0 236.0 52.0 iiw.
10608.0 10316.0 576.0 64.0 -m-v-epimg
11280.0 10316.0 176.0 52.0 tue
11536.0 10316.0 484.0 72.0 imperial
12160.0 10316.0 240.0 76.0 gov-
12524.0 10316.0 56.0 36.0 "

10172.0 10392.0 488.0 88.0 rnment's
10748.0 10400.0 644.0 88.0 declaration
11476.0 10408.0 104.0 84.0 of
11664.0 10408.0 136.0 88.0 its
11880.0 10412.0 520.0 88.0 abandon-
12564.0 10388.0 44.0 136.0 l

10172.0 10516.0 212.0 84.0 lent
10448.0 10516.0 112.0 88.0 of
10624.0 10516.0 180.0 88.0 the
10876.0 10524.0 344.0 100.0 policy
11284.0 10528.0 340.0 88.0 which
11700.0 10532.0 192.0 84.0 has
11964.0 10556.0 116.0 64.0 so
12156.0 10540.0 244.0 84.0 seri-
12524.0 10548.0 84.0 72.0 pi

10172.0 10636.0 220.0 100.0 usly
10464.0 10648.0 508.0 84.0 menaced
11048.0 10644.0 180.0 88.0 the
11300.0 10656.0 268.0 92.0 good
11648.0 10660.0 512.0 84.0 relations
12236.0 10660.0 164.0 88.0 be-
12520.0 10632.0 76.0 64.0 01

10172.0 10780.0 260.0 64.0 veen
10516.0 10764.0 176.0 84.0 the
10772.0 10772.0 208.0 84.0 two
11064.0 10776.0 560.0 104.0 countries,
11704.0 10780.0 188.0 84.0 the
11968.0 10804.0 428.0 76.0 govern-
12524.0 10804.0 84.0 60.0 ot

10172.0 10884.0 212.0 84.0 lent
10464.0 10888.0 112.0 84.0 of
10664.0 10884.0 184.0 92.0 the
10940.0 10888.0 388.0 96.0 United
11424.0 10896.0 352.0 88.0 States
11868.0 10904.0 212.0 84.0 will
12172.0 10908.0 272.0 100.0 rely

10172.0 11024.0 188.0 80.0 pon
10436.0 11028.0 68.0 64.0 a
10572.0 11016.0 624.0 96.0 scrupulous
11336.0 11024.0 556.0 84.0 execution
12032.0 11028.0 332.0 84.0 hence-

10204.0 11128.0 168.0 84.0 rth
10436.0 11140.0 112.0 84.0 of
10616.0 11136.0 180.0 84.0 the
10860.0 11156.0 228.0 64.0 now
11160.0 11140.0 404.0 88.0 altered
11632.0 11144.0 340.0 100.0 policy
12036.0 11148.0 112.0 84.0 of
12216.0 11152.0 180.0 84.0 the

10172.0 11252.0 404.0 100.0 aperial,
10644.0 11268.0 700.0 88.0 government
11424.0 11268.0 256.0 84.0 such
11764.0 11292.0 116.0 60.0 as
11964.0 11264.0 220.0 88.0 will
12252.0 11292.0 148.0 64.0 re-

10172.0 11392.0 220.0 64.0 lOVe
10480.0 11376.0 176.0 88.0 the
10748.0 11384.0 504.0 56.0 nrinM.jl
11356.0 11388.0 392.0 80.0 H,...n.nf
11828.0 11396.0 116.0 100.0 fr,

10248.0 11644.0 180.0 100.0 ing
10504.0 11648.0 480.0 92.0 between
11056.0 11656.0 180.0 84.0 the
11316.0 11604.0 1244.0 148.0 UnitedataJesiu

10248.0 11764.0 552.0 112.0 Germany.

10372.0 11892.0 284.0 92.0 "The
10788.0 11908.0 704.0 92.0 government
11624.0 11908.0 116.0 88.0 of
11876.0 11912.0 180.0 88.0 the
12168.0 11912.0 392.0 88.0 United

10252.0 12016.0 352.0 88.0 States
10672.0 12020.0 268.0 88.0 feels
11008.0 12024.0 84.0 88.0 it
11156.0 12048.0 580.0 84.0 necessary
11800.0 12040.0 108.0 88.0 to
11984.0 12036.0 280.0 84.0 state
12328.0 12040.0 236.0 84.0 that

10244.0 12140.0 84.0 84.0 it
10396.0 12144.0 308.0 88.0 takes
10780.0 12144.0 84.0 92.0 it
10932.0 12144.0 176.0 92.0 for
11168.0 12156.0 452.0 92.0 granted
11696.0 12156.0 236.0 84.0 that
12068.0 12160.0 180.0 84.0 the
12392.0 12160.0 140.0 84.0 im-

10244.0 12264.0 332.0 96.0 perial
10648.0 12280.0 704.0 88.0 government
11424.0 12276.0 256.0 88.0 does
11752.0 12284.0 184.0 84.0 not
12012.0 12284.0 364.0 84.0 intend
12452.0 12288.0 108.0 80.0 to

10248.0 12384.0 324.0 104.0 imply
10664.0 12392.0 236.0 84.0 that
10988.0 12388.0 180.0 92.0 the
11324.0 12400.0 744.0 92.0 maintenance
12156.0 12408.0 112.0 80.0 of
12420.0 12404.0 140.0 84.0 its

10248.0 12512.0 344.0 100.0 newly
10688.0 12520.0 628.0 84.0 announced
11488.0 12524.0 344.0 104.0 policy
11940.0 12528.0 88.0 84.0 is
12140.0 12528.0 108.0 84.0 in
12352.0 12548.0 212.0 84.0 any

10244.0 12652.0 228.0 80.0 way
10536.0 12640.0 620.0 96.0 contingent
11220.0 12664.0 272.0 76.0 upon
11560.0 12648.0 176.0 88.0 the
11792.0 12668.0 380.0 68.0 course
12236.0 12672.0 120.0 64.0 or
12412.0 12676.0 116.0 60.0 re-

10244.0 12756.0 212.0 84.0 sult
10552.0 12760.0 108.0 84.0 of
10756.0 12760.0 608.0 100.0 diplomatic
11524.0 12768.0 716.0 100.0 negotiations
12400.0 12772.0 128.0 88.0 be-

10244.0 12884.0 344.0 80.0 tween
10672.0 12880.0 180.0 88.0 the
10932.0 12900.0 704.0 84.0 government
11716.0 12896.0 112.0 84.0 of
11908.0 12892.0 180.0 88.0 the
12168.0 12896.0 392.0 88.0 United

10252.0 13000.0 352.0 88.0 States
10680.0 13008.0 204.0 84.0 and
10964.0 13028.0 204.0 84.0 any
11240.0 13012.0 312.0 88.0 other
11624.0 13016.0 628.0 100.0 belligerent
12324.0 13040.0 204.0 80.0 gov-

10244.0 13132.0 516.0 96.0 ernment,
10816.0 13132.0 952.0 108.0 notwithstanding
11824.0 13140.0 180.0 88.0 the
12056.0 13148.0 220.0 84.0 fact
12328.0 13144.0 232.0 92.0 that

10248.0 13248.0 404.0 88.0 certain
10732.0 13272.0 508.0 84.0 passages
11320.0 13260.0 104.0 84.0 in
11504.0 13264.0 180.0 84.0 the
11764.0 13264.0 484.0 100.0 imperial
12328.0 13288.0 200.0 80.0 gov-

10248.0 13376.0 576.0 84.0 ernment's
10912.0 13384.0 248.0 80.0 note
11244.0 13388.0 112.0 84.0 of
11444.0 13384.0 176.0 84.0 the
11704.0 13388.0 360.0 84.0 fourth
12152.0 13388.0 408.0 88.0 instant

10248.0 13496.0 336.0 100.0 might
10640.0 13520.0 396.0 76.0 appear
11092.0 13508.0 104.0 80.0 to
11260.0 13504.0 128.0 84.0 be
11452.0 13512.0 644.0 96.0 susceptible
12156.0 13516.0 112.0 84.0 of
12328.0 13516.0 232.0 84.0 that

10244.0 13620.0 760.0 92.0 construction.
11172.0 13628.0 116.0 84.0 In
11392.0 13632.0 336.0 100.0 order,
11832.0 13632.0 520.0 104.0 however,
12452.0 13644.0 108.0 80.0 to

10248.0 13744.0 304.0 84.0 avoid
10644.0 13764.0 204.0 80.0 any
10932.0 13748.0 464.0 100.0 possible
11476.0 13756.0 1080.0 108.0 misunderstanding,

10248.0 13864.0 180.0 84.0 the
10508.0 13876.0 696.0 88.0 government
11272.0 13876.0 116.0 80.0 of
11464.0 13876.0 180.0 88.0 the
11724.0 13876.0 392.0 92.0 United
12204.0 13884.0 352.0 84.0 States

10248.0 13988.0 420.0 88.0 notifies
10744.0 13992.0 180.0 84.0 the
11000.0 13996.0 476.0 96.0 imperial
11548.0 14008.0 704.0 92.0 government
12324.0 14004.0 236.0 88.0 that

10248.0 14108.0 80.0 88.0 it
10392.0 14116.0 384.0 84.0 cannot
10816.0 14116.0 164.0 84.0 for
11016.0 14136.0 60.0 64.0 a
11112.0 14128.0 472.0 80.0 moment
11648.0 14128.0 560.0 104.0 entertain,
12252.0 14136.0 308.0 84.0 much

10244.0 14236.0 216.0 84.0 less
10524.0 14236.0 444.0 104.0 discuss,
11032.0 14264.0 60.0 64.0 a
11156.0 14248.0 616.0 96.0 suggestion
11840.0 14248.0 236.0 88.0 that
12140.0 14256.0 420.0 96.0 respect

10248.0 14356.0 132.0 100.0 by
10460.0 14356.0 460.0 88.0 German
11012.0 14368.0 308.0 80.0 naval
11408.0 14368.0 632.0 88.0 authorities
12128.0 14372.0 168.0 88.0 for
12376.0 14380.0 184.0 84.0 the

10248.0 14480.0 336.0 100.0 rights
10652.0 14484.0 108.0 84.0 of
10824.0 14484.0 440.0 88.0 citizens
11328.0 14492.0 108.0 84.0 of
11496.0 14496.0 180.0 84.0 the
11740.0 14492.0 392.0 88.0 United
12204.0 14500.0 356.0 84.0 States

10244.0 14624.0 276.0 76.0 upon
10592.0 14608.0 176.0 84.0 the
10836.0 14608.0 244.0 100.0 high
11148.0 14632.0 240.0 64.0 seas
11456.0 14616.0 368.0 84.0 should
11892.0 14620.0 100.0 84.0 in
12060.0 14640.0 200.0 80.0 any
12332.0 14644.0 228.0 80.0 way

10248.0 14748.0 120.0 64.0 or
10464.0 14724.0 496.0 104.0 slightest
11060.0 14736.0 380.0 96.0 degree
11540.0 14740.0 124.0 84.0 be
11760.0 14744.0 308.0 84.0 made
12168.0 14748.0 360.0 84.0 contin-

10248.0 14856.0 252.0 92.0 gent
10576.0 14872.0 276.0 80.0 upon
10928.0 14856.0 180.0 88.0 the
11192.0 14860.0 452.0 88.0 conduct
11720.0 14864.0 112.0 84.0 of
11968.0 14884.0 208.0 80.0 any
12256.0 14868.0 308.0 88.0 other

10252.0 14984.0 712.0 88.0 government
11076.0 14980.0 508.0 104.0 affecting
11700.0 14984.0 176.0 88.0 the
11996.0 14988.0 340.0 100.0 rights
12452.0 14996.0 108.0 84.0 of

10244.0 15096.0 476.0 88.0 neutrals
10788.0 15100.0 204.0 88.0 and
11060.0 15108.0 912.0 88.0 noncombatants.
12104.0 15116.0 424.0 100.0 Respon-

10244.0 15216.0 404.0 108.0 sibility
10720.0 15220.0 108.0 88.0 in
10904.0 15228.0 256.0 84.0 such
11244.0 15236.0 444.0 84.0 matters
11764.0 15232.0 88.0 84.0 is
11932.0 15236.0 368.0 104.0 single,
12376.0 15240.0 188.0 84.0 not

10244.0 15340.0 316.0 112.0 Joint;
10656.0 15348.0 508.0 100.0 absolute,
11248.0 15356.0 188.0 80.0 not
11508.0 15356.0 540.0 88.0 relative."

10628.0 15592.0 380.0 88.0 ARMY
11088.0 15600.0 296.0 84.0 BILL
11464.0 15604.0 720.0 88.0 REJECTED.

10264.0 15836.0 348.0 88.0 House
10748.0 15840.0 520.0 88.0 Members
11388.0 15848.0 376.0 100.0 Object
11884.0 15852.0 108.0 80.0 to
12132.0 15852.0 424.0 108.0 Raising

10500.0 15976.0 508.0 108.0 Standing
11080.0 15980.0 316.0 108.0 Army
11456.0 15988.0 112.0 84.0 to
11636.0 15988.0 340.0 100.0 250,00
12048.0 15984.0 268.0 92.0 Men.

10368.0 16140.0 728.0 104.0 Washington.
11240.0 16148.0 384.0 84.0 Senate
11824.0 16156.0 736.0 84.0 amendments

10256.0 16284.0 104.0 80.0 to
10448.0 16280.0 172.0 84.0 the
10704.0 16304.0 296.0 80.0 army
11076.0 16284.0 180.0 84.0 bill
11336.0 16288.0 312.0 96.0 again
11732.0 16308.0 276.0 68.0 were
12088.0 16292.0 472.0 96.0 rejected

10256.0 16416.0 456.0 104.0 Monday
10768.0 16420.0 136.0 104.0 by
10956.0 16420.0 172.0 84.0 the
11188.0 16420.0 328.0 84.0 house
11576.0 16424.0 204.0 84.0 and
11840.0 16424.0 176.0 84.0 the
12076.0 16448.0 484.0 64.0 measure

10260.0 16556.0 496.0 84.0 returned
10840.0 16564.0 104.0 76.0 to
11028.0 16560.0 660.0 84.0 conference.
11840.0 16560.0 220.0 84.0 The
12148.0 16584.0 380.0 80.0 propos-

10256.0 16692.0 160.0 84.0 als
10488.0 16696.0 104.0 84.0 to
10660.0 16712.0 528.0 80.0 empower
11248.0 16696.0 180.0 84.0 the
11500.0 16696.0 548.0 100.0 president
12112.0 16704.0 104.0 76.0 to
12280.0 16700.0 280.0 84.0 raise

10256.0 16828.0 180.0 88.0 the
10520.0 16832.0 496.0 96.0 standing
11092.0 16852.0 296.0 80.0 army
11464.0 16840.0 112.0 76.0 to
11656.0 16832.0 392.0 100.0 250,000
12132.0 16856.0 240.0 64.0 men
12456.0 16836.0 100.0 88.0 in

10256.0 16968.0 256.0 84.0 time
10596.0 16968.0 112.0 84.0 of
10784.0 16988.0 324.0 84.0 peace
11184.0 16972.0 204.0 84.0 and
11476.0 16972.0 104.0 84.0 to
11660.0 16972.0 280.0 84.0 raise
12016.0 16992.0 60.0 64.0 a
12156.0 16972.0 404.0 84.0 federal

10260.0 17104.0 552.0 88.0 volunteer
10872.0 17128.0 296.0 80.0 army
11228.0 17108.0 112.0 84.0 of
11396.0 17104.0 396.0 100.0 261,000
11856.0 17128.0 276.0 64.0 were
12196.0 17108.0 336.0 100.0 reject-

10260.0 17244.0 124.0 84.0 ed
10464.0 17244.0 296.0 100.0 flatly
10840.0 17244.0 136.0 104.0 by
11052.0 17248.0 300.0 80.0 votes
11440.0 17244.0 108.0 84.0 of
11624.0 17244.0 176.0 84.0 221
11880.0 17248.0 108.0 84.0 to
12068.0 17244.0 208.0 100.0 142,
12356.0 17248.0 200.0 84.0 and

10260.0 17368.0 176.0 84.0 251
10516.0 17376.0 104.0 76.0 to
10696.0 17368.0 208.0 96.0 109,
10980.0 17368.0 732.0 100.0 respectively,
11788.0 17368.0 308.0 84.0 while
12172.0 17368.0 176.0 84.0 the
12424.0 17368.0 108.0 84.0 ni-

10260.0 17496.0 276.0 80.0 trate
10608.0 17492.0 296.0 100.0 plant
10976.0 17492.0 676.0 84.0 amendment
11728.0 17512.0 216.0 60.0 was
12024.0 17488.0 512.0 88.0 substitut-

10264.0 17612.0 124.0 84.0 ed
10448.0 17612.0 132.0 100.0 by
10632.0 17636.0 196.0 64.0 one
10888.0 17612.0 396.0 88.0 offered
11348.0 17612.0 132.0 100.0 by
11540.0 17612.0 560.0 84.0 Chairman
12164.0 17612.0 236.0 100.0 Hay
12460.0 17612.0 104.0 84.0 of

10260.0 17736.0 176.0 84.0 the
10520.0 17736.0 360.0 84.0 House
10964.0 17736.0 464.0 100.0 military
11508.0 17736.0 364.0 80.0 affairs
11956.0 17732.0 612.0 88.0 committee

10260.0 17856.0 444.0 88.0 without
10776.0 17880.0 60.0 64.0 a
10912.0 17860.0 368.0 84.0 record
11352.0 17864.0 268.0 76.0 vote.

10760.0 18104.0 392.0 104.0 Mining
11228.0 18104.0 228.0 84.0 Man
11536.0 18100.0 536.0 88.0 Drowned.

10392.0 18256.0 336.0 88.0 Coeur
10792.0 18256.0 456.0 96.0 d'Alene,
11312.0 18252.0 344.0 88.0 Idaho.
11800.0 18252.0 388.0 84.0 Search
12256.0 18248.0 92.0 88.0 is
12408.0 18252.0 132.0 84.0 be-

10264.0 18392.0 176.0 100.0 ing
10508.0 18392.0 308.0 88.0 made
10888.0 18392.0 164.0 84.0 for
11116.0 18392.0 180.0 84.0 the
11364.0 18392.0 272.0 100.0 body
11704.0 18388.0 108.0 88.0 of
11884.0 18388.0 152.0 84.0 W.
12112.0 18388.0 120.0 84.0 H.
12312.0 18388.0 224.0 84.0 Dan-

10268.0 18532.0 224.0 96.0 iels,
10544.0 18556.0 64.0 60.0 a
10672.0 18516.0 452.0 116.0 wealthy
11180.0 18528.0 404.0 100.0 mining
11644.0 18524.0 204.0 88.0 and
11912.0 18524.0 480.0 88.0 clubman
12464.0 18524.0 104.0 88.0 of

10268.0 18668.0 516.0 100.0 Spokane,
10856.0 18668.0 388.0 96.0 Wash.,
11312.0 18668.0 232.0 80.0 who
11612.0 18688.0 216.0 60.0 was
11900.0 18660.0 492.0 88.0 drowned
12464.0 18660.0 100.0 84.0 in

10268.0 18804.0 336.0 88.0 Coeur
10676.0 18804.0 428.0 84.0 d'Alene
11176.0 18800.0 236.0 88.0 lake
11480.0 18800.0 300.0 84.0 when
11852.0 18820.0 60.0 64.0 a
11972.0 18800.0 248.0 96.0 high
12296.0 18800.0 268.0 84.0 wind

10264.0 18928.0 488.0 104.0 capsized
10824.0 18928.0 164.0 84.0 his
11072.0 18924.0 408.0 88.0 launch.

10652.0 19176.0 264.0 84.0 Four
10980.0 19176.0 452.0 80.0 Persons
11508.0 19172.0 176.0 80.0 Die
11764.0 19172.0 88.0 80.0 in
11940.0 19168.0 256.0 84.0 Fire.

10396.0 19324.0 540.0 100.0 Warroad,
11004.0 19324.0 316.0 84.0 Minn.
11460.0 19320.0 272.0 84.0 Four
11792.0 19340.0 440.0 80.0 persons
12296.0 19336.0 276.0 64.0 were

10272.0 19460.0 396.0 84.0 burned
10748.0 19464.0 104.0 80.0 to
10928.0 19460.0 312.0 84.0 death
11316.0 19460.0 204.0 84.0 and
11592.0 19456.0 196.0 84.0 five
11860.0 19456.0 360.0 84.0 others
12296.0 19476.0 276.0 60.0 were

10276.0 19600.0 412.0 96.0 injured
10784.0 19596.0 520.0 104.0 seriously
11396.0 19596.0 300.0 80.0 when
11792.0 19592.0 176.0 84.0 the
12064.0 19588.0 304.0 88.0 home
12468.0 19588.0 108.0 88.0 of

10276.0 19736.0 112.0 84.0 D.
10488.0 19736.0 116.0 84.0 A.
10704.0 19736.0 396.0 96.0 Inman,
11196.0 19740.0 204.0 80.0 two
11496.0 19728.0 200.0 88.0 and
11796.0 19752.0 56.0 60.0 a
11952.0 19728.0 224.0 84.0 half
12268.0 19728.0 304.0 84.0 miles

10276.0 19876.0 276.0 80.0 from
10628.0 19872.0 284.0 96.0 here,
11000.0 19896.0 216.0 64.0 was
11296.0 19872.0 628.0 104.0 completely
12016.0 19872.0 556.0 100.0 destroyed

10276.0 19996.0 132.0 100.0 by
10484.0 19996.0 184.0 84.0 fire
10744.0 19996.0 456.0 104.0 Sunday.

10676.0 20244.0 444.0 84.0 German
11216.0 20244.0 380.0 84.0 Consul
11692.0 20240.0 504.0 84.0 Accused.

10400.0 20392.0 256.0 84.0 New
10732.0 20392.0 308.0 84.0 York.
11180.0 20396.0 236.0 84.0 Carl
11496.0 20396.0 112.0 80.0 A.
11684.0 20388.0 584.0 100.0 Luederitz,
12344.0 20388.0 208.0 88.0 Ger-

10276.0 20548.0 244.0 64.0 man
10584.0 20532.0 360.0 84.0 consul
11016.0 20536.0 112.0 80.0 at.
11192.0 20532.0 600.0 96.0 Baltimore,
11856.0 20528.0 236.0 96.0 Md.,
12160.0 20548.0 212.0 64.0 was
12444.0 20524.0 100.0 84.0 in-

10284.0 20668.0 412.0 84.0 dicated
10800.0 20668.0 128.0 100.0 by
11028.0 20668.0 168.0 84.0 (he
11296.0 20668.0 396.0 84.0 federal
11856.0 20664.0 324.0 100.0 grand
12344.0 20664.0 236.0 100.0 jury

10276.0 20804.0 252.0 84.0 here
10608.0 20808.0 480.0 96.0 Monday,
11160.0 20808.0 452.0 96.0 charged
11692.0 20804.0 248.0 84.0 with
12024.0 20804.0 556.0 100.0 procuring

10280.0 20964.0 60.0 60.0 a
10440.0 20944.0 268.0 84.0 false
10808.0 20948.0 488.0 96.0 passport
11396.0 20944.0 160.0 80.0 for
11656.0 20944.0 328.0 80.0 Ilorst
12076.0 20960.0 200.0 64.0 von
12372.0 20940.0 208.0 84.0 Der

10280.0 21080.0 328.0 96.0 Goltz,
10680.0 21080.0 556.0 84.0 confessed
11304.0 21104.0 212.0 72.0 spy.

10620.0 21328.0 144.0 84.0 No
10856.0 21328.0 388.0 104.0 Appeal
11352.0 21328.0 292.0 84.0 Made
11732.0 21328.0 124.0 100.0 by
11952.0 21324.0 300.0 104.0 Pope.

10404.0 21476.0 456.0 84.0 London.
11004.0 21476.0 412.0 84.0 Official
11500.0 21476.0 340.0 88.0 denial
11956.0 21496.0 212.0 60.0 was
12276.0 21472.0 304.0 84.0 made

10284.0 21616.0 452.0 96.0 Monday
10800.0 21612.0 108.0 84.0 of
10972.0 21612.0 176.0 84.0 the
11212.0 21624.0 352.0 88.0 rpport
11636.0 21616.0 212.0 84.0 that
11928.0 21612.0 272.0 96.0 Pope
12268.0 21608.0 284.0 84.0 Bene-

10284.0 21752.0 212.0 84.0 dict
10556.0 21748.0 508.0 104.0 appealed
11128.0 21756.0 104.0 76.0 to
11296.0 21752.0 500.0 100.0 Emperor
11860.0 21748.0 452.0 84.0 William
12376.0 21744.0 200.0 84.0 and

10284.0 21888.0 560.0 84.0 President
10904.0 21888.0 396.0 80.0 Wilson
11376.0 21888.0 96.0 84.0 in
11536.0 21912.0 128.0 60.0 an
11740.0 21884.0 308.0 88.0 effort
12116.0 21888.0 100.0 80.0 to
12284.0 21888.0 300.0 80.0 avert

10284.0 22052.0 60.0 60.0 a
10424.0 22032.0 428.0 96.0 rupture
10944.0 22024.0 468.0 84.0 between
11504.0 22028.0 524.0 96.0 Germany
12112.0 22020.0 200.0 84.0 and
12408.0 22020.0 164.0 84.0 the

10284.0 22164.0 388.0 88.0 United
10764.0 22164.0 384.0 84.0 States.

12552.0 1048.0 248.0 384.0 "I
12912.0 1088.0 744.0 344.0 DON'T
13760.0 1096.0 928.0 352.0 SUFFER

13272.0 1592.0 488.0 336.0 ANY
13896.0 1600.0 912.0 336.0 MORE"

12548.0 2232.0 440.0 144.0 "Feel
13092.0 2244.0 344.0 136.0 Like
13532.0 2300.0 92.0 80.0 a
13712.0 2204.0 1080.0 180.0 N"l'eirson"

12904.0 2512.0 320.0 116.0 says
13288.0 2468.0 340.0 136.0 Mrs.
13692.0 2424.0 700.0 200.0 HeP3011

12660.0 2888.0 264.0 100.0 New
12996.0 2896.0 376.0 116.0 Castle,
13448.0 2896.0 224.0 100.0 Ind.
13916.0 2860.0 308.0 96.0 Frora
14296.0 2860.0 184.0 96.0 &e
14544.0 2860.0 184.0 96.0 tim

12552.0 3020.0 48.0 100.0 I
12632.0 3052.0 216.0 68.0 was
12884.0 3028.0 352.0 96.0 eleven
13272.0 3060.0 308.0 92.0 years
13612.0 3032.0 160.0 96.0 old
13820.0 2992.0 240.0 128.0 M11
14100.0 2992.0 60.0 96.0 1
14196.0 3024.0 216.0 64.0 waa
14444.0 3024.0 364.0 60.0 seven-

13688.0 3140.0 236.0 120.0 te(!n
13968.0 3124.0 48.0 96.0 I
14060.0 3124.0 456.0 96.0 suffered
14552.0 3124.0 252.0 92.0 each

12776.0 3348.0 696.0 212.0 PVXaJ
13688.0 3432.0 100.0 92.0 in
13836.0 3380.0 292.0 144.0 be?-"
12804.0 3388.0 2004.0 296.0 1,haiJheai-4-

13420.0 3516.0 88.0 168.0 3
13692.0 3564.0 284.0 112.0 ache,
14016.0 3524.0 540.0 112.0 Jackache
14612.0 3524.0 200.0 92.0 and

12776.0 3692.0 168.0 16.0 "'
13144.0 3684.0 364.0 92.0 ";-fl
13692.0 3696.0 248.0 80.0 siich
14012.0 3660.0 292.0 108.0 Aai"3
14368.0 3656.0 48.0 96.0 I
14476.0 3652.0 332.0 96.0 would

12848.0 4132.0 260.0 116.0 is""-
13312.0 4160.0 88.0 88.0 fll
13568.0 4088.0 48.0 160.0 I'
13692.0 4096.0 672.0 96.0 k"0"11"'
14480.0 4112.0 48.0 80.0 t
14600.0 4128.0 220.0 64.0 was

12776.0 4224.0 16.0 100.0 !
12812.0 4256.0 88.0 68.0 w
12932.0 4292.0 16.0 16.0 -
13092.0 4200.0 208.0 180.0 mWJ
13352.0 4196.0 12.0 168.0 I
13496.0 4264.0 16.0 92.0 1
13532.0 4268.0 16.0 88.0 1
13604.0 4224.0 12.0 132.0 I
13696.0 4240.0 108.0 84.0 to
13840.0 4232.0 128.0 92.0 be
14000.0 4260.0 252.0 84.0 easy
14288.0 4260.0 60.0 60.0 a
14380.0 4232.0 432.0 96.0 minute.

12708.0 4368.0 136.0 144.0 tV
13240.0 4436.0 40.0 68.0 f
13352.0 4324.0 264.0 188.0 fs!l
13700.0 4364.0 180.0 116.0 My
13952.0 4360.0 356.0 96.0 health
14384.0 4388.0 216.0 64.0 was
14684.0 4364.0 140.0 92.0 all

12800.0 4476.0 216.0 144.0 '-;n
13292.0 4552.0 52.0 44.0 j
13700.0 4524.0 192.0 64.0 run
13976.0 4492.0 296.0 96.0 down
14360.0 4496.0 196.0 92.0 and
14640.0 4496.0 112.0 92.0 th

12968.0 4592.0 424.0 168.0 ''"y'Vs
13584.0 4636.0 32.0 80.0 'i
13700.0 4636.0 412.0 88.0 doctors
14196.0 4624.0 172.0 96.0 did
14448.0 4636.0 184.0 84.0 not
14700.0 4628.0 60.0 92.0 d

12552.0 4896.0 496.0 116.0 neighbor
13116.0 4892.0 212.0 96.0 told
13388.0 4924.0 176.0 88.0 my
13628.0 4896.0 412.0 92.0 mother
14108.0 4892.0 320.0 92.0 about
14496.0 4888.0 328.0 116.0 Lydia

12552.0 5028.0 116.0 100.0 E.
12724.0 5028.0 600.0 96.0 Pinkham's
13360.0 5028.0 580.0 116.0 Vegetable
13988.0 5020.0 592.0 120.0 Compound
14624.0 5020.0 200.0 92.0 and

12560.0 5160.0 44.0 100.0 I
12680.0 5160.0 240.0 96.0 took
12992.0 5164.0 112.0 108.0 it,
13188.0 5160.0 196.0 96.0 and
13464.0 5188.0 232.0 64.0 now
13772.0 5156.0 48.0 100.0 I
13892.0 5156.0 216.0 96.0 feel
14184.0 5152.0 208.0 96.0 like
14468.0 5180.0 64.0 68.0 a
14596.0 5176.0 232.0 68.0 new

12552.0 5320.0 392.0 96.0 person.
13080.0 5292.0 52.0 96.0 I
13180.0 5292.0 296.0 96.0 don't
13536.0 5292.0 332.0 92.0 suffer
13912.0 5316.0 204.0 92.0 any
14156.0 5312.0 288.0 68.0 more
14508.0 5280.0 200.0 96.0 and
14772.0 5280.0 56.0 96.0 I

12556.0 5456.0 160.0 64.0 am
12752.0 5428.0 420.0 116.0 regular
13204.0 5456.0 316.0 84.0 every
13544.0 5424.0 388.0 96.0 month.
13964.0 5420.0 68.0 44.0 "
14168.0 5420.0 248.0 92.0 Mrs.
14436.0 5412.0 396.0 96.0 Hazel

12556.0 5556.0 624.0 120.0 Hamilton,
13236.0 5564.0 180.0 88.0 822
13472.0 5556.0 324.0 96.0 South
13844.0 5556.0 236.0 96.0 15th
14128.0 5552.0 152.0 96.0 St.
14332.0 5560.0 12.0 12.0 '

12668.0 5720.0 332.0 100.0 When
13076.0 5752.0 64.0 68.0 a
13204.0 5724.0 428.0 116.0 remedy
13692.0 5720.0 192.0 100.0 has
13952.0 5720.0 272.0 96.0 lived
14284.0 5716.0 176.0 100.0 for
14532.0 5716.0 300.0 120.0 forty

12556.0 5884.0 340.0 96.0 years,
12972.0 5856.0 444.0 120.0 steadily
13480.0 5856.0 480.0 116.0 growing
14040.0 5856.0 104.0 96.0 in
14232.0 5852.0 596.0 120.0 popularity

12556.0 5988.0 196.0 96.0 and
12872.0 5988.0 536.0 116.0 influence,
13508.0 5988.0 200.0 92.0 and
13836.0 5984.0 568.0 96.0 thousands
14544.0 6008.0 272.0 92.0 upon

12560.0 6120.0 556.0 96.0 thousands
13180.0 6120.0 116.0 96.0 of
13360.0 6148.0 404.0 64.0 women
13828.0 6120.0 404.0 92.0 declare
14296.0 6116.0 256.0 116.0 they
14604.0 6144.0 224.0 64.0 owe

12556.0 6256.0 272.0 88.0 their
12924.0 6252.0 360.0 96.0 health
13352.0 6260.0 112.0 88.0 to
13544.0 6252.0 116.0 112.0 it,
13736.0 6252.0 92.0 92.0 is
13908.0 6252.0 96.0 92.0 it
14080.0 6256.0 188.0 88.0 not
14348.0 6276.0 484.0 68.0 reasona-
15164.0 6248.0 268.0 80.0 ''""

12552.0 6384.0 172.0 96.0 ble
12804.0 6392.0 112.0 88.0 to
13004.0 6384.0 396.0 96.0 believe
13488.0 6384.0 244.0 96.0 that
13800.0 6384.0 92.0 96.0 it
13956.0 6384.0 88.0 96.0 is
14088.0 6412.0 136.0 68.0 an
14304.0 6384.0 364.0 92.0 article
14712.0 6376.0 124.0 100.0 of

12552.0 6528.0 312.0 108.0 great
12900.0 6516.0 380.0 100.0 merit?

12672.0 6684.0 128.0 96.0 If
12828.0 6712.0 244.0 88.0 yon
13104.0 6692.0 356.0 88.0 want
13488.0 6688.0 472.0 112.0 special
13992.0 6688.0 448.0 96.0 advice
14468.0 6684.0 360.0 96.0 write

12556.0 6820.0 132.0 96.0 to
12752.0 6820.0 404.0 116.0 Lydia
13248.0 6820.0 144.0 96.0 E.
13460.0 6820.0 664.0 96.0 Pinkham
14192.0 6820.0 640.0 92.0 Medicine

12556.0 6948.0 216.0 100.0 Co.
12880.0 6948.0 944.0 120.0 (confidential),
13932.0 6952.0 408.0 116.0 Lynn,
14440.0 6952.0 392.0 96.0 Mass.

12556.0 7080.0 360.0 96.0 Your
12972.0 7084.0 388.0 92.0 letter
13388.0 7084.0 264.0 92.0 will
13728.0 7084.0 156.0 92.0 be
13944.0 7080.0 528.0 116.0 opened,
14520.0 7084.0 316.0 96.0 read

12560.0 7212.0 260.0 96.0 and
12880.0 7212.0 664.0 96.0 answered
13608.0 7216.0 168.0 112.0 by
13828.0 7240.0 84.0 68.0 a
13984.0 7240.0 512.0 68.0 woman
14564.0 7212.0 268.0 104.0 and

12552.0 7344.0 304.0 96.0 held
12892.0 7344.0 140.0 96.0 in
13076.0 7348.0 368.0 96.0 strict
13484.0 7344.0 776.0 104.0 confidence.

13192.0 7648.0 136.0 84.0 At
13388.0 7648.0 180.0 84.0 the
13648.0 7652.0 504.0 84.0 Museum.

12652.0 7776.0 164.0 88.0 "Is
12876.0 7780.0 232.0 88.0 that
13168.0 7780.0 180.0 88.0 the
13408.0 7780.0 404.0 88.0 artist's
13872.0 7800.0 312.0 64.0 name
14244.0 7780.0 104.0 84.0 in
14412.0 7780.0 180.0 96.0 big
14648.0 7776.0 152.0 84.0 let-

12536.0 7916.0 212.0 84.0 ters
12824.0 7936.0 132.0 64.0 on
13028.0 7916.0 180.0 88.0 the
13280.0 7916.0 440.0 104.0 picture,
13796.0 7916.0 328.0 100.0 pop?"

12656.0 8048.0 248.0 104.0 "No,
12976.0 8076.0 172.0 76.0 my
13224.0 8076.0 220.0 64.0 son.
13580.0 8052.0 272.0 88.0 That
13924.0 8056.0 88.0 80.0 is
14088.0 8052.0 180.0 88.0 the
14336.0 8072.0 316.0 64.0 name
14720.0 8048.0 116.0 84.0 ot

12532.0 8188.0 176.0 84.0 the
12788.0 8188.0 228.0 88.0 rich
13092.0 8212.0 244.0 60.0 man
13412.0 8188.0 236.0 84.0 who
13728.0 8188.0 568.0 100.0 presented
14372.0 8188.0 184.0 84.0 the
14628.0 8188.0 172.0 96.0 pic-

12532.0 8328.0 232.0 80.0 ture
12848.0 8328.0 112.0 84.0 to
13048.0 8324.0 184.0 88.0 the
13320.0 8344.0 512.0 68.0 museum.
13992.0 8324.0 220.0 84.0 You
14308.0 8320.0 212.0 84.0 will
14612.0 8320.0 216.0 84.0 find

12532.0 8460.0 176.0 84.0 the
12796.0 8460.0 404.0 88.0 artist's
13288.0 8480.0 316.0 68.0 name
13696.0 8460.0 104.0 84.0 in
13892.0 8480.0 260.0 80.0 very
14248.0 8456.0 304.0 88.0 small
14648.0 8456.0 148.0 88.0 let-

12532.0 8600.0 212.0 80.0 ters
12804.0 8596.0 304.0 84.0 down
13168.0 8596.0 104.0 84.0 in
13328.0 8596.0 188.0 88.0 the
13572.0 8596.0 324.0 84.0 lower
13948.0 8592.0 604.0 104.0 right-hand
12532.0 8612.0 2300.0 208.0 cor-uer."

12528.0 9000.0 2304.0 288.0 FRECKLES

12668.0 9424.0 236.0 72.0 Now
12944.0 9424.0 100.0 72.0 la
13084.0 9424.0 176.0 72.0 the
13300.0 9424.0 276.0 72.0 Time
13620.0 9424.0 104.0 68.0 to
13764.0 9424.0 192.0 64.0 Get
13996.0 9420.0 188.0 72.0 Bid
14212.0 9424.0 108.0 72.0 of
14360.0 9424.0 320.0 72.0 Theie

13356.0 9500.0 244.0 84.0 Ugly
13680.0 9500.0 312.0 84.0 Spot.

12624.0 9600.0 364.0 72.0 There's
13072.0 9620.0 116.0 48.0 no
13276.0 9604.0 308.0 76.0 longer
13672.0 9604.0 152.0 64.0 the
13912.0 9600.0 424.0 76.0 alfghteat
14424.0 9600.0 220.0 68.0 need
14732.0 9596.0 100.0 68.0 of

12524.0 9688.0 332.0 76.0 feeling
12944.0 9688.0 436.0 64.0 ashamed
13472.0 9692.0 92.0 60.0 of
13656.0 9704.0 216.0 60.0 your
13968.0 9688.0 408.0 72.0 freckles,
14476.0 9704.0 100.0 48.0 aa
14676.0 9688.0 96.0 64.0 th

12524.0 9776.0 584.0 76.0 prescription
13296.0 9792.0 48.0 48.0 o
13360.0 9772.0 244.0 68.0 thine
13720.0 9776.0 316.0 64.0 double
14224.0 9776.0 412.0 72.0 streng-th
14752.0 9772.0 80.0 68.0 la

12524.0 9864.0 544.0 72.0 guaranteed
13132.0 9864.0 92.0 60.0 to
13284.0 9876.0 360.0 48.0 remove
13712.0 9864.0 248.0 60.0 tliese
14024.0 9860.0 352.0 72.0 homely
14444.0 9868.0 268.0 64.0 spots.

12628.0 9948.0 332.0 72.0 Simply
13064.0 9952.0 148.0 68.0 get
13308.0 9964.0 112.0 48.0 an
13524.0 9960.0 276.0 52.0 ounce
13904.0 9948.0 92.0 60.0 of
14092.0 9964.0 44.0 48.0 o
14152.0 9944.0 244.0 64.0 thine
14512.0 9944.0 256.0 64.0 doubl

12572.0 10032.0 360.0 76.0 trenglh
13052.0 10032.0 232.0 64.0 from
13360.0 10044.0 220.0 60.0 your
13656.0 10032.0 436.0 72.0 druggist,
14176.0 10032.0 176.0 64.0 and
14428.0 10032.0 264.0 72.0 apply
14772.0 10044.0 56.0 48.0 a

12528.0 10116.0 228.0 68.0 little
12844.0 10120.0 92.0 64.0 of
13028.0 10120.0 72.0 64.0 It
13188.0 10116.0 260.0 80.0 night
13532.0 10116.0 180.0 68.0 and
13836.0 10116.0 412.0 76.0 moving
14364.0 10116.0 176.0 68.0 and
14656.0 10132.0 172.0 60.0 you
12568.0 10128.0 2748.0 140.0 -hould

12892.0 10220.0 212.0 48.0 aoon
13160.0 10220.0 144.0 48.0 aee
13364.0 10204.0 204.0 64.0 that
13676.0 10220.0 164.0 48.0 ven
13900.0 10204.0 152.0 64.0 the
14116.0 10208.0 264.0 60.0 worst
14444.0 10204.0 332.0 60.0 freckle

12524.0 10284.0 228.0 68.0 hava
12824.0 10288.0 288.0 76.0 begun
13188.0 10296.0 88.0 56.0 to
13348.0 10288.0 536.0 76.0 disappear,-
13936.0 10288.0 260.0 64.0 while
14272.0 10288.0 152.0 64.0 the
14496.0 10288.0 336.0 76.0 lighter

12524.0 10388.0 208.0 52.0 ones
12808.0 10372.0 228.0 68.0 have
13116.0 10376.0 436.0 64.0 vanished
13632.0 10376.0 400.0 72.0 entirely.
14176.0 10376.0 80.0 60.0 It
14336.0 10376.0 72.0 64.0 Is
14484.0 10372.0 348.0 68.0 seldom

12520.0 10460.0 204.0 64.0 that
12780.0 10476.0 244.0 48.0 more
13080.0 10460.0 220.0 64.0 than
13356.0 10476.0 168.0 48.0 one
13580.0 10476.0 276.0 48.0 ounce
13916.0 10464.0 72.0 64.0 Is
14044.0 10460.0 336.0 68.0 needed
14440.0 10464.0 88.0 60.0 to
14584.0 10472.0 248.0 52.0 com-
14884.0 10472.0 12.0 12.0 '

12524.0 10548.0 324.0 76.0 pletely
12924.0 10548.0 240.0 64.0 clear
13236.0 10548.0 152.0 64.0 the
13460.0 10544.0 208.0 68.0 skin
13736.0 10548.0 180.0 64.0 and
13984.0 10548.0 208.0 72.0 gain
14264.0 10560.0 56.0 52.0 a
14388.0 10544.0 444.0 68.0 beautiful

12520.0 10632.0 240.0 64.0 clear
12820.0 10632.0 580.0 76.0 complexion.

12628.0 10716.0 124.0 68.0 Be
12832.0 10732.0 204.0 52.0 sure
13124.0 10720.0 88.0 60.0 to
13296.0 10716.0 164.0 68.0 ask
13548.0 10720.0 140.0 64.0 for
13772.0 10716.0 152.0 64.0 the
14008.0 10716.0 320.0 68.0 double
14412.0 10708.0 456.0 88.0 strength"

12580.0 10800.0 272.0 76.0 thine,
12932.0 10816.0 104.0 52.0 as
13116.0 10800.0 184.0 68.0 this
13380.0 10804.0 76.0 64.0 is
13532.0 10800.0 196.0 68.0 sold
13808.0 10804.0 284.0 64.0 under
14168.0 10808.0 488.0 68.0 guarantee
14740.0 10800.0 96.0 68.0 of

12524.0 10900.0 312.0 64.0 money
12904.0 10888.0 232.0 64.0 back.
13192.0 10884.0 72.0 68.0 If
13324.0 10888.0 76.0 64.0 It
13456.0 10888.0 220.0 68.0 fails
13728.0 10888.0 96.0 68.0 to
13888.0 10904.0 356.0 52.0 remove
14308.0 10888.0 408.0 68.0 freckles.

12524.0 10972.0 216.0 68.0 A4V.

12720.0 11196.0 548.0 104.0 Evidently
13340.0 11196.0 288.0 104.0 They
13708.0 11200.0 304.0 80.0 Were
14080.0 11196.0 560.0 104.0 Together.

12644.0 11328.0 244.0 100.0 "My
12956.0 11328.0 484.0 88.0 husband
13516.0 11328.0 248.0 84.0 tells
13844.0 11348.0 168.0 64.0 me
14088.0 11328.0 232.0 84.0 that
14400.0 11328.0 136.0 84.0 he
14612.0 11348.0 224.0 64.0 was

12612.0 11468.0 100.0 84.0 nt
12816.0 11464.0 216.0 88.0 late
13140.0 11464.0 212.0 88.0 last
13452.0 11464.0 308.0 104.0 night
13868.0 11460.0 256.0 88.0 with
14232.0 11484.0 264.0 80.0 your
14600.0 11460.0 204.0 88.0 hus-

12612.0 11600.0 280.0 88.0 and."
12648.0 11736.0 340.0 88.0 "That
13064.0 11736.0 252.0 88.0 Isn't
13400.0 11760.0 144.0 68.0 so.
13692.0 11736.0 48.0 88.0 I
13816.0 11740.0 288.0 84.0 want
14184.0 11756.0 204.0 80.0 you
14468.0 11740.0 112.0 84.0 to
14660.0 11756.0 140.0 64.0 un-

12696.0 11872.0 672.0 112.0 derstanthat
13468.0 11896.0 176.0 76.0 my
13744.0 11872.0 484.0 88.0 husband
14332.0 11896.0 220.0 64.0 was
14652.0 11872.0 188.0 84.0 out

12696.0 12036.0 244.0 84.0 with
13012.0 12008.0 740.0 128.0 yourkand."

12784.0 12332.0 736.0 140.0 CUTICURA
13616.0 12284.0 1180.0 244.0 COMSAT.
15104.0 12276.0 72.0 300.0 (

12700.0 12652.0 528.0 112.0 Sufferlns
13416.0 12660.0 300.0 88.0 From
13908.0 12660.0 444.0 108.0 Itching,
14524.0 12656.0 472.0 100.0 Burnlnj

12840.0 12796.0 436.0 104.0 Rashes,
13344.0 12796.0 472.0 116.0 Eczema,
13876.0 12804.0 204.0 84.0 etc.
14200.0 12800.0 284.0 84.0 Trial
14560.0 12800.0 292.0 84.0 Free.

12812.0 13060.0 260.0 92.0 Give
13116.0 13064.0 276.0 104.0 baby
13440.0 13088.0 68.0 68.0 a
13552.0 13068.0 256.0 88.0 bath
13860.0 13072.0 260.0 88.0 with
14168.0 13004.0 1280.0 164.0 hotWaterWrt"-"

12692.0 13200.0 500.0 92.0 Cutlcura
13268.0 13208.0 308.0 108.0 Soap,
13656.0 13208.0 316.0 104.0 using
14048.0 13208.0 372.0 104.0 plenty
14496.0 13212.0 116.0 88.0 of
14688.0 13216.0 316.0 104.0 Soap.

12692.0 13336.0 208.0 104.0 Dry
12980.0 13340.0 380.0 104.0 lightly
13440.0 13344.0 208.0 88.0 and
13728.0 13348.0 320.0 100.0 apply
14128.0 13348.0 508.0 92.0 Cuticura
14712.0 13352.0 256.0 92.0 Oint-

12696.0 13484.0 288.0 84.0 ment
13044.0 13480.0 364.0 104.0 gently
13472.0 13484.0 112.0 84.0 to
13648.0 13484.0 148.0 84.0 all
13860.0 13484.0 460.0 88.0 affected
14392.0 13496.0 328.0 96.0 parts.
14852.0 13492.0 120.0 92.0 In-

12684.0 13616.0 296.0 84.0 stant
13028.0 13616.0 312.0 84.0 relief
13388.0 13620.0 416.0 88.0 follows
13864.0 13620.0 208.0 88.0 and
14128.0 13620.0 276.0 108.0 baby
14464.0 13628.0 248.0 84.0 falls
14768.0 13628.0 232.0 92.0 Into

12688.0 13772.0 64.0 64.0 a
12832.0 13752.0 608.0 104.0 refreshing
13524.0 13756.0 328.0 104.0 sleep,
13940.0 13756.0 192.0 92.0 the
14212.0 13760.0 236.0 92.0 first
14536.0 13764.0 468.0 108.0 perhaps

12692.0 13884.0 104.0 88.0 In
12880.0 13888.0 384.0 88.0 weeks.
13384.0 13888.0 476.0 108.0 Nothing
13944.0 13916.0 296.0 68.0 more
14324.0 13900.0 528.0 92.0 effective.

12812.0 14028.0 264.0 88.0 Free
13140.0 14032.0 408.0 100.0 sample
13612.0 14032.0 264.0 88.0 each
13912.0 14032.0 140.0 104.0 by
14088.0 14036.0 256.0 84.0 mall
14380.0 14040.0 256.0 88.0 with
14676.0 14044.0 328.0 92.0 Book.

12688.0 14160.0 468.0 92.0 Address
13240.0 14168.0 532.0 108.0 postcard,
13864.0 14172.0 536.0 100.0 Cuticura,
14488.0 14176.0 304.0 104.0 Dept.
14880.0 14180.0 124.0 108.0 L,

12692.0 14300.0 424.0 92.0 Boston.
13252.0 14304.0 252.0 84.0 Bold
13580.0 14308.0 712.0 100.0 everywhere.
14424.0 14312.0 264.0 96.0 Adv.

13412.0 14564.0 224.0 88.0 The
13700.0 14564.0 196.0 88.0 Old
13968.0 14568.0 308.0 104.0 Days.

12816.0 14696.0 288.0 88.0 "The
13176.0 14700.0 424.0 88.0 theater
13672.0 14700.0 200.0 88.0 has
13952.0 14700.0 476.0 104.0 changed
14504.0 14704.0 512.0 104.0 greatly."

12808.0 14832.0 308.0 92.0 "Yes.
13264.0 14836.0 44.0 88.0 I
13392.0 14860.0 196.0 64.0 can
13676.0 14840.0 604.0 84.0 remember
14364.0 14844.0 304.0 84.0 when
14760.0 14844.0 256.0 104.0 they
15224.0 14836.0 36.0 24.0 "

12688.0 14972.0 256.0 88.0 used
13004.0 14976.0 112.0 92.0 to
13172.0 14972.0 272.0 88.0 have
13504.0 14996.0 328.0 80.0 opera
13892.0 14976.0 256.0 84.0 with
14212.0 15000.0 68.0 64.0 a
14336.0 14976.0 424.0 92.0 ballet."

12816.0 15244.0 148.0 84.0 As
13044.0 15240.0 252.0 104.0 long
13376.0 15264.0 120.0 64.0 as
13580.0 15244.0 84.0 84.0 It
13744.0 15244.0 92.0 84.0 Is
13916.0 15248.0 252.0 100.0 only
14244.0 15248.0 260.0 100.0 talk,
14588.0 15252.0 152.0 88.0 let
14824.0 15252.0 192.0 88.0 the

12692.0 15380.0 308.0 84.0 other
13108.0 15380.0 352.0 84.0 fellow
13564.0 15380.0 280.0 88.0 have
13948.0 15380.0 168.0 92.0 his
14224.0 15384.0 304.0 104.0 way?
14732.0 15388.0 280.0 104.0 Why

12692.0 15512.0 376.0 92.0 should
13148.0 15536.0 208.0 84.0 you
13432.0 15516.0 316.0 88.0 care?
14360.0 15584.0 16.0 32.0 ,
15432.0 15512.0 16.0 104.0 j

12800.0 15796.0 136.0 88.0 To
13032.0 15792.0 236.0 108.0 keep
13368.0 15792.0 264.0 88.0 clean
13732.0 15792.0 188.0 92.0 and
14020.0 15796.0 392.0 108.0 healthy
14512.0 15800.0 224.0 92.0 take
14836.0 15800.0 172.0 92.0 Dr.

12700.0 15904.0 396.0 88.0 Pierce's
13180.0 15904.0 448.0 84.0 Pleasant
13712.0 15904.0 384.0 88.0 Pellets.
14240.0 15908.0 264.0 100.0 They
14580.0 15912.0 432.0 104.0 regulate

12700.0 16012.0 260.0 108.0 liver,
13040.0 16012.0 344.0 88.0 bowels
13464.0 16008.0 188.0 88.0 and
13724.0 16012.0 464.0 88.0 atomach.
14304.0 16016.0 248.0 88.0 Adv.

12824.0 16264.0 436.0 92.0 There's
13344.0 16288.0 320.0 84.0 many
13744.0 16288.0 140.0 68.0 an
13964.0 16272.0 368.0 84.0 untied
14416.0 16276.0 264.0 84.0 knot
14760.0 16280.0 108.0 88.0 In
14952.0 16304.0 64.0 64.0 a

12692.0 16404.0 248.0 88.0 cord
13016.0 16408.0 112.0 84.0 of
13204.0 16404.0 328.0 88.0 wood.

12768.0 16740.0 500.0 172.0 When
13316.0 16744.0 1028.0 172.0 Housework
14392.0 16752.0 528.0 208.0 Drags

12904.0 16948.0 488.0 104.0 Keeping
13492.0 16948.0 336.0 88.0 house
13932.0 16956.0 92.0 84.0 Is
14132.0 16956.0 264.0 88.0 hard
14504.0 16964.0 416.0 96.0 enough

12776.0 17072.0 304.0 84.0 when
13172.0 17072.0 268.0 88.0 well.
13576.0 17076.0 224.0 84.0 The
13888.0 17096.0 412.0 68.0 woman
14392.0 17080.0 240.0 88.0 who
14720.0 17084.0 196.0 84.0 has

12776.0 17216.0 60.0 64.0 a
12932.0 17192.0 204.0 92.0 bad
13228.0 17196.0 304.0 100.0 back,
13632.0 17200.0 268.0 104.0 blue,
13996.0 17220.0 460.0 68.0 nervous
14556.0 17208.0 360.0 100.0 spells,
15344.0 17160.0 32.0 132.0 1

12776.0 17316.0 204.0 88.0 and
13076.0 17316.0 300.0 104.0 dizzy
13468.0 17320.0 640.0 104.0 headaches,
14200.0 17324.0 196.0 88.0 has
14492.0 17348.0 68.0 64.0 a
14652.0 17328.0 260.0 88.0 hard
15356.0 17284.0 20.0 132.0 I

12776.0 17444.0 180.0 96.0 lot,
13036.0 17444.0 168.0 84.0 for
13268.0 17444.0 188.0 84.0 the
13532.0 17444.0 372.0 100.0 family
13984.0 17448.0 304.0 84.0 tasks
14360.0 17468.0 332.0 64.0 never
14768.0 17452.0 148.0 84.0 let

12772.0 17584.0 168.0 84.0 up.
13044.0 17564.0 528.0 104.0 Probably
13636.0 17568.0 176.0 88.0 it's
13876.0 17568.0 184.0 88.0 the
14124.0 17572.0 336.0 84.0 result
14528.0 17572.0 112.0 84.0 of
14704.0 17572.0 176.0 88.0 kid-

12772.0 17712.0 208.0 80.0 ney
13032.0 17692.0 416.0 88.0 trouble
13504.0 17692.0 208.0 84.0 and
13756.0 17696.0 184.0 84.0 not
13976.0 17696.0 180.0 84.0 the
14196.0 17692.0 716.0 88.0 much-feared

12788.0 17812.0 564.0 88.0 "woman's
13472.0 17816.0 656.0 88.0 weakness."
14268.0 17816.0 644.0 104.0 Strengthen

12780.0 17936.0 188.0 88.0 the
13076.0 17936.0 452.0 100.0 kidneys
13640.0 17940.0 256.0 84.0 with
14008.0 17940.0 384.0 88.0 Doan's
14504.0 17944.0 416.0 100.0 Kidney

12788.0 18064.0 288.0 84.0 Pills.
13212.0 18064.0 296.0 96.0 They
13624.0 18084.0 184.0 68.0 are
13920.0 18088.0 120.0 64.0 as
14156.0 18064.0 528.0 88.0 harmless
14796.0 18092.0 128.0 64.0 as

12776.0 18184.0 252.0 100.0 they
13092.0 18208.0 184.0 60.0 are
13336.0 18184.0 496.0 88.0 effective
13896.0 18188.0 204.0 88.0 and
14164.0 18212.0 240.0 76.0 may
14464.0 18192.0 128.0 84.0 be
14656.0 18196.0 260.0 84.0 used

12772.0 18308.0 164.0 84.0 for
12984.0 18308.0 480.0 88.0 children
13516.0 18312.0 256.0 84.0 with
13828.0 18316.0 300.0 84.0 weak
14176.0 18312.0 480.0 104.0 kidneys,
14712.0 18320.0 208.0 88.0 too.

13352.0 18468.0 128.0 124.0 A
13540.0 18468.0 356.0 128.0 Utah
13972.0 18468.0 340.0 132.0 Case

12864.0 18632.0 232.0 80.0 Mrs.
13220.0 18632.0 324.0 88.0 Emily
13652.0 18636.0 368.0 76.0 Ander-
14580.0 18644.0 332.0 76.0 "Tlverv

12776.0 18744.0 204.0 68.0 son,
13112.0 18728.0 132.0 72.0 204
13368.0 18728.0 144.0 72.0 W.
13648.0 18724.0 372.0 80.0 Fourth
14248.0 18732.0 168.0 80.0 K
14592.0 18720.0 332.0 68.0 Jictui.
12780.0 18704.0 2668.0 188.0 -t-South

13180.0 18820.0 168.0 88.0 St.,
13452.0 18820.0 208.0 76.0 Satt
13756.0 18824.0 200.0 72.0 Lak
14232.0 18796.0 272.0 120.0 fi-ST
14656.0 18800.0 232.0 104.0 f"'S
15280.0 18852.0 12.0 48.0 i

12776.0 18916.0 248.0 84.0 City,
13088.0 18912.0 296.0 88.0 Utah,
13448.0 18932.0 272.0 68.0 says:
13796.0 18916.0 224.0 84.0 "My
14404.0 18880.0 420.0 136.0 ?f,or''
15272.0 18880.0 20.0 116.0 I

12784.0 19012.0 260.0 68.0 work
13104.0 19008.0 188.0 72.0 and
13360.0 19012.0 280.0 72.0 much
13704.0 19016.0 316.0 80.0 stoop-
14496.0 18996.0 100.0 124.0 V
15248.0 19024.0 24.0 88.0 1

12780.0 19100.0 164.0 84.0 ing
13008.0 19104.0 516.0 72.0 weakvied
13592.0 19120.0 156.0 68.0 my
13816.0 19104.0 208.0 72.0 kid-
14168.0 19120.0 216.0 80.0 Lip
14500.0 19136.0 28.0 60.0 I
14664.0 19144.0 232.0 68.0 yi

12780.0 19212.0 264.0 64.0 neys.
13168.0 19196.0 160.0 80.0 My
13404.0 19196.0 236.0 72.0 back
13716.0 19200.0 308.0 72.0 ached
14160.0 19200.0 64.0 104.0 If
14256.0 19196.0 68.0 108.0 fj
14448.0 19172.0 448.0 116.0 fMS

12796.0 19304.0 108.0 56.0 so
13016.0 19284.0 312.0 88.0 badly,
13448.0 19288.0 40.0 72.0 I
13600.0 19292.0 412.0 72.0 could
14148.0 19268.0 536.0 128.0 lUUfA"

12784.0 19380.0 340.0 84.0 hardly
13184.0 19384.0 160.0 80.0 get
13400.0 19384.0 396.0 72.0 around.
13900.0 19388.0 124.0 68.0 At
14288.0 19364.0 124.0 76.0 W

12780.0 19472.0 280.0 84.0 night
13128.0 19472.0 164.0 76.0 the
13364.0 19476.0 356.0 84.0 misery
13792.0 19476.0 232.0 88.0 kept
14352.0 19452.0 120.0 132.0 7?

12784.0 19584.0 148.0 52.0 me
13044.0 19568.0 364.0 72.0 o.wake.
13544.0 19568.0 308.0 76.0 When
13980.0 19572.0 40.0 72.0 I
14112.0 19548.0 88.0 92.0 V'
14432.0 19564.0 48.0 96.0 1
14540.0 19568.0 212.0 112.0 vC-?

12780.0 19660.0 396.0 88.0 stoopd
13300.0 19660.0 40.0 72.0 I
13460.0 19668.0 160.0 76.0 got
13748.0 19664.0 276.0 84.0 dizzy
14100.0 19640.0 140.0 96.0 T-J
14544.0 19640.0 68.0 96.0 V

12780.0 19756.0 184.0 68.0 and
13048.0 19752.0 160.0 76.0 the
13284.0 19752.0 352.0 88.0 kidney
13712.0 19776.0 312.0 56.0 secre-
14108.0 19736.0 108.0 96.0 W
14536.0 19736.0 200.0 132.0 iVx

12784.0 19848.0 256.0 72.0 tlons
13128.0 19848.0 204.0 72.0 also
13424.0 19852.0 356.0 72.0 caused
13872.0 19872.0 152.0 52.0 me
14104.0 19824.0 72.0 92.0 H
14500.0 19824.0 388.0 100.0 'XiiX,

12780.0 19948.0 272.0 72.0 great
13112.0 19956.0 592.0 72.0 annoyance.
13816.0 19944.0 360.0 80.0 Poan's
14244.0 19952.0 380.0 88.0 Kidney
14680.0 19964.0 236.0 76.0 Pills

12784.0 20032.0 280.0 72.0 toned
13208.0 20052.0 124.0 68.0 up
13472.0 20052.0 160.0 68.0 my
13772.0 20040.0 304.0 72.0 whole
14220.0 20060.0 364.0 64.0 svstem
14724.0 20064.0 188.0 72.0 and

12780.0 20128.0 684.0 80.0 strengthened
13528.0 20148.0 160.0 68.0 my
13744.0 20132.0 432.0 88.0 kidneys.
14276.0 20140.0 540.0 88.0 Whenever
14872.0 20156.0 40.0 76.0 I

12784.0 20220.0 244.0 76.0 have
13092.0 20224.0 224.0 68.0 used
13388.0 20224.0 260.0 72.0 them
13708.0 20228.0 264.0 76.0 alnce
14036.0 20232.0 228.0 84.0 they
14324.0 20232.0 252.0 84.0 have
14636.0 20264.0 232.0 68.0 prov-

12780.0 20332.0 112.0 56.0 en
12960.0 20312.0 584.0 80.0 benencial."

12984.0 20440.0 172.0 80.0 Cat
13192.0 20444.0 324.0 76.0 Doan't
13544.0 20456.0 96.0 64.0 at
13676.0 20444.0 200.0 88.0 Any
13908.0 20444.0 284.0 92.0 Store,
14228.0 20452.0 164.0 76.0 50c
14428.0 20484.0 52.0 48.0 a
14512.0 20456.0 184.0 88.0 Box

12784.0 20560.0 1248.0 172.0 DOAN'S
15220.0 20504.0 36.0 280.0 I

12780.0 20796.0 720.0 80.0 FOSTER-MILB
13516.0 20800.0 224.0 72.0 URN
13788.0 20800.0 216.0 88.0 CO..
14052.0 20804.0 560.0 100.0 BUFFALO.
14656.0 20820.0 104.0 76.0 Vu
14812.0 20820.0 104.0 76.0 Y.

13064.0 21104.0 300.0 132.0 FOR
13432.0 21104.0 304.0 136.0 OLD
13796.0 21108.0 304.0 132.0 ANO
14168.0 21108.0 508.0 136.0 YOUNG
15036.0 21004.0 52.0 244.0 I

12740.0 21288.0 316.0 76.0 Tutfs
13112.0 21288.0 260.0 72.0 Liver
13400.0 21288.0 216.0 72.0 Pills
13668.0 21292.0 232.0 68.0 acto
14024.0 21288.0 644.0 80.0 klndlyontho
14728.0 21284.0 260.0 80.0 child,

12740.0 21384.0 164.0 68.0 the
12936.0 21380.0 384.0 68.0 delicate
13368.0 21380.0 320.0 68.0 fi-mule
13736.0 21396.0 104.0 56.0 or
13868.0 21376.0 296.0 72.0 Infirm
14196.0 21380.0 132.0 68.0 old
14364.0 21396.0 196.0 64.0 age,
14612.0 21360.0 448.0 96.0 asupottl

12740.0 21472.0 160.0 68.0 the
12936.0 21476.0 432.0 60.0 vigorous
13412.0 21488.0 236.0 48.0 mnn.
15004.0 21448.0 48.0 88.0 1

12776.0 21480.0 1120.0 544.0 Tuffs
14152.0 21536.0 784.0 480.0 Pills

12748.0 22040.0 196.0 164.0 five
12980.0 22044.0 208.0 64.0 tone
13240.0 22044.0 180.0 64.0 and
13464.0 22040.0 420.0 80.0 atrenith
13916.0 22044.0 100.0 64.0 to
14044.0 22032.0 156.0 72.0 tba
14256.0 22032.0 256.0 68.0 weak
14548.0 22028.0 396.0 72.0 atomach

12812.0 22132.0 304.0 88.0 orela,
13156.0 22128.0 380.0 92.0 ktdoeya
13572.0 22136.0 172.0 76.0 tat
13776.0 22132.0 380.0 80.0 bladder.
14628.0 22144.0 236.0 56.0 mbw
