18200 28872
1320.0 964.0 444.0 172.0 Page
1828.0 964.0 316.0 144.0 Two

1648.0 1588.0 1088.0 196.0 Housewife's
2904.0 1584.0 352.0 196.0 Idea
3416.0 1592.0 304.0 184.0 Box

1368.0 4640.0 556.0 140.0 Keeping
1992.0 4636.0 452.0 112.0 Butter
2536.0 4640.0 412.0 112.0 Fresh

1532.0 4824.0 656.0 108.0 Sometimes
2280.0 4844.0 260.0 104.0 you
2660.0 4844.0 276.0 108.0 may
3032.0 4824.0 276.0 104.0 have
3400.0 4820.0 116.0 108.0 to
3600.0 4812.0 312.0 136.0 keep

1368.0 4984.0 412.0 116.0 butter
1852.0 4988.0 172.0 108.0 for
2096.0 5012.0 68.0 80.0 a
2252.0 4984.0 308.0 128.0 long
2656.0 4984.0 332.0 112.0 time.
3100.0 4984.0 80.0 108.0 A
3260.0 4984.0 292.0 132.0 good
3644.0 5008.0 268.0 108.0 wi.v

1368.0 5164.0 144.0 100.0 to
1592.0 5152.0 276.0 128.0 keep
1944.0 5148.0 80.0 104.0 It
2104.0 5152.0 324.0 104.0 from
2532.0 5152.0 512.0 124.0 turning
3116.0 5148.0 388.0 112.0 rancid
3596.0 5148.0 108.0 112.0 Is
3792.0 5160.0 128.0 100.0 to

1360.0 5320.0 356.0 136.0 place
1832.0 5320.0 180.0 112.0 the
2136.0 5316.0 440.0 112.0 butter
2700.0 5320.0 124.0 104.0 In
2952.0 5348.0 68.0 80.0 a
3136.0 5320.0 320.0 104.0 small
3592.0 5316.0 316.0 112.0 dish.

1364.0 5484.0 416.0 132.0 Wring
1908.0 5488.0 180.0 104.0 out
2232.0 5512.0 72.0 76.0 a
2472.0 5512.0 248.0 100.0 rag
2868.0 5488.0 248.0 108.0 that
3252.0 5488.0 204.0 104.0 has
3604.0 5484.0 308.0 104.0 been

1364.0 5652.0 448.0 112.0 soaked
1920.0 5656.0 104.0 108.0 In
2140.0 5676.0 300.0 104.0 very
2584.0 5656.0 284.0 108.0 cold
2988.0 5656.0 372.0 104.0 water.
3516.0 5648.0 392.0 108.0 Cover

1372.0 5824.0 224.0 108.0 the
1692.0 5820.0 236.0 108.0 dish
2032.0 5820.0 284.0 108.0 with
2444.0 5820.0 280.0 108.0 this
2832.0 5820.0 332.0 108.0 cloth.
3304.0 5816.0 236.0 108.0 You
3836.0 5820.0 64.0 96.0 V

1364.0 5988.0 168.0 112.0 be
1636.0 5984.0 568.0 136.0 surprised
2332.0 6004.0 136.0 88.0 ro
2608.0 5984.0 252.0 112.0 find
2964.0 5984.0 232.0 104.0 how
3308.0 5988.0 268.0 120.0 long
3696.0 5996.0 132.0 92.0 tn

1368.0 6156.0 408.0 108.0 butter
1848.0 6152.0 212.0 108.0 will
2148.0 6156.0 364.0 128.0 keep.

2308.0 6320.0 368.0 104.0 THE
2816.0 6316.0 936.0 112.0 HOUSEWIFE.

1708.0 6484.0 508.0 104.0 Copyright
2276.0 6488.0 136.0 88.0 by
2460.0 6488.0 392.0 80.0 Public
2896.0 6484.0 380.0 92.0 Ledsrer,
3328.0 6488.0 200.0 80.0 Ino.

2196.0 6592.0 328.0 80.0 W.N'U
2576.0 6588.0 440.0 88.0 Service.

1868.0 6860.0 380.0 116.0 Thoi.
2340.0 6856.0 424.0 116.0 "Lait
2856.0 6852.0 488.0 120.0 Word."

1516.0 7036.0 364.0 108.0 There
1948.0 7032.0 276.0 108.0 used
2304.0 7036.0 136.0 104.0 to
2528.0 7032.0 164.0 108.0 be
2764.0 7060.0 68.0 80.0 a
2912.0 7032.0 252.0 128.0 silly
3232.0 7024.0 200.0 112.0 fad
3500.0 7024.0 140.0 108.0 of
3712.0 7032.0 132.0 100.0 at

1368.0 7204.0 564.0 128.0 trlbuting
2028.0 7204.0 120.0 108.0 to
2256.0 7224.0 408.0 108.0 every
2784.0 7200.0 452.0 112.0 notable
3340.0 7220.0 268.0 80.0 man
3732.0 7220.0 152.0 76.0 on

1372.0 7372.0 196.0 108.0 his
1704.0 7368.0 556.0 112.0 deathbed
2424.0 7396.0 372.0 80.0 some
2940.0 7368.0 404.0 132.0 phrase
3492.0 7364.0 396.0 104.0 which

1368.0 7564.0 260.0 88.0 was
1668.0 7540.0 552.0 132.0 supposed
2304.0 7540.0 144.0 108.0 to
2536.0 7540.0 636.0 132.0 epitomize
3216.0 7536.0 172.0 108.0 his
3432.0 7560.0 464.0 88.0 career.

1368.0 7712.0 264.0 112.0 The
1708.0 7716.0 312.0 108.0 stone
2096.0 7712.0 552.0 112.0 cutter's
2740.0 7708.0 356.0 112.0 chisel
3180.0 7740.0 136.0 80.0 on
3404.0 7708.0 204.0 108.0 the
3700.0 7732.0 156.0 84.0 en-

1368.0 7880.0 584.0 112.0 tablature
2020.0 7876.0 132.0 108.0 of
2228.0 7880.0 228.0 108.0 the
2544.0 7880.0 428.0 132.0 public
3044.0 7880.0 508.0 128.0 building
3632.0 7876.0 116.0 108.0 Is
3828.0 7904.0 68.0 84.0 a

1372.0 8048.0 188.0 116.0 bit
1636.0 8048.0 136.0 136.0 by
1844.0 8076.0 240.0 104.0 way
2164.0 8052.0 140.0 108.0 of
2392.0 8048.0 392.0 128.0 being
2864.0 8076.0 72.0 88.0 a
3012.0 8048.0 432.0 108.0 similar
3524.0 8044.0 328.0 108.0 sent!

1368.0 8220.0 608.0 132.0 mentality
2116.0 8216.0 216.0 112.0 the
2484.0 8220.0 540.0 128.0 attempt
3152.0 8224.0 108.0 100.0 to
3396.0 8216.0 500.0 128.0 provide

1368.0 8416.0 168.0 84.0 an
1632.0 8412.0 208.0 108.0 age
1924.0 8384.0 268.0 112.0 with
2304.0 8388.0 356.0 108.0 "last
2764.0 8384.0 476.0 108.0 words."
3364.0 8388.0 156.0 108.0 So
3616.0 8412.0 236.0 80.0 con

1364.0 8556.0 440.0 124.0 celved,
1888.0 8556.0 244.0 108.0 how
2228.0 8556.0 440.0 108.0 would
2772.0 8552.0 236.0 112.0 this
3088.0 8584.0 204.0 96.0 aze
3376.0 8552.0 136.0 108.0 of
3600.0 8576.0 300.0 84.0 ours

1364.0 8752.0 336.0 88.0 come
1772.0 8724.0 216.0 116.0 off?

1520.0 8900.0 92.0 104.0 A
1704.0 8892.0 264.0 136.0 bevy
2048.0 8892.0 132.0 112.0 of
2268.0 8896.0 672.0 124.0 reporters
3024.0 8916.0 284.0 84.0 were
3392.0 8888.0 500.0 132.0 holding

1364.0 9064.0 324.0 116.0 what
1820.0 9060.0 100.0 112.0 Is
2052.0 9060.0 776.0 136.0 technically
2976.0 9056.0 392.0 112.0 known
3520.0 9084.0 144.0 84.0 as
3820.0 9084.0 72.0 84.0 a

1360.0 9228.0 424.0 116.0 "death
1848.0 9228.0 448.0 112.0 watch"
2356.0 9256.0 184.0 84.0 on
2612.0 9260.0 76.0 76.0 a
2768.0 9236.0 444.0 104.0 famous
3280.0 9252.0 256.0 80.0 man
3616.0 9224.0 280.0 112.0 who

1364.0 9424.0 256.0 88.0 was
1688.0 9396.0 476.0 132.0 thought
2240.0 9396.0 140.0 112.0 to
2468.0 9400.0 172.0 108.0 be
2720.0 9396.0 376.0 128.0 dying.

1512.0 9568.0 400.0 112.0 "What
1972.0 9592.0 204.0 88.0 are
2252.0 9564.0 212.0 108.0 his
2552.0 9572.0 260.0 108.0 last
2888.0 9564.0 360.0 112.0 words
3316.0 9560.0 360.0 136.0 going
3756.0 9564.0 136.0 112.0 to

1356.0 9736.0 292.0 116.0 ber
1720.0 9732.0 340.0 116.0 asked
2136.0 9760.0 284.0 88.0 one.

1512.0 9904.0 240.0 112.0 "He
1832.0 9904.0 260.0 112.0 Isn't
2176.0 9900.0 408.0 132.0 going
2684.0 9908.0 132.0 104.0 to
2904.0 9904.0 276.0 104.0 have
3264.0 9896.0 344.0 132.0 any,"
3696.0 9924.0 144.0 88.0 re-

1348.0 10076.0 324.0 136.0 plied
1756.0 10100.0 64.0 84.0 a
1904.0 10072.0 572.0 112.0 confrere
2588.0 10072.0 412.0 128.0 tartly.
3148.0 10072.0 384.0 108.0 "Your
3616.0 10068.0 260.0 128.0 city

1344.0 10244.0 392.0 112.0 editor
1828.0 10240.0 220.0 112.0 and
2144.0 10240.0 348.0 108.0 mine
2612.0 10240.0 328.0 112.0 can't
3028.0 10248.0 180.0 120.0 get
3312.0 10236.0 560.0 132.0 together

1340.0 10436.0 164.0 84.0 on
1584.0 10404.0 396.0 116.0 them."

1488.0 10576.0 232.0 112.0 But
1812.0 10572.0 220.0 116.0 this
2128.0 10580.0 364.0 124.0 story
2620.0 10580.0 228.0 100.0 has
2940.0 10600.0 64.0 84.0 a
3100.0 10572.0 380.0 132.0 happy
3576.0 10572.0 244.0 112.0 end

1332.0 10748.0 248.0 132.0 lng.
1652.0 10744.0 232.0 112.0 The
1940.0 10768.0 272.0 84.0 man
2280.0 10752.0 236.0 120.0 got
2592.0 10744.0 316.0 108.0 well.
3048.0 10740.0 424.0 116.0 "Uncle
3536.0 10736.0 284.0 112.0 Dud

1332.0 10912.0 308.0 140.0 ley,"
1696.0 10912.0 112.0 116.0 In
1868.0 10912.0 188.0 112.0 the
2124.0 10908.0 500.0 112.0 Boston
2712.0 10908.0 460.0 140.0 Sunday
3236.0 10904.0 408.0 120.0 Globe.

1772.0 13800.0 632.0 324.0 Quisle,
2504.0 13796.0 884.0 268.0 Pleasant

1312.0 14152.0 1172.0 268.0 Successful
2664.0 14140.0 1216.0 276.0 Elimination

1500.0 14648.0 304.0 120.0 Let's
1900.0 14648.0 148.0 116.0 be
2140.0 14652.0 424.0 112.0 frank
2728.0 14640.0 424.0 124.0 there's
3236.0 14640.0 284.0 136.0 only
3620.0 14668.0 252.0 84.0 one

1360.0 14828.0 268.0 108.0 way
1700.0 14804.0 188.0 108.0 for
1960.0 14824.0 324.0 112.0 your
2376.0 14800.0 356.0 132.0 body
2816.0 14808.0 128.0 104.0 to
3020.0 14796.0 176.0 116.0 rid
3280.0 14792.0 356.0 112.0 Itself
3728.0 14796.0 148.0 108.0 of

1356.0 14956.0 216.0 112.0 the
1624.0 14960.0 348.0 104.0 waste
2032.0 14956.0 624.0 108.0 material
2720.0 14952.0 268.0 112.0 that
3044.0 14968.0 416.0 92.0 causes
3528.0 14940.0 292.0 116.0 acid-

1360.0 15108.0 216.0 136.0 ity,
1644.0 15132.0 232.0 108.0 gas,
1944.0 15104.0 776.0 128.0 headaches,
2804.0 15096.0 452.0 116.0 bloated
3324.0 15096.0 552.0 128.0 feelings

1360.0 15256.0 248.0 112.0 and
1748.0 15284.0 72.0 84.0 a
1960.0 15256.0 400.0 112.0 dozen
2540.0 15256.0 368.0 112.0 other
3048.0 15248.0 824.0 112.0 discomforts.

1496.0 15408.0 308.0 112.0 Your
1856.0 15404.0 684.0 112.0 Intestines
2612.0 15408.0 328.0 112.0 must
3000.0 15400.0 544.0 116.0 function
3608.0 15396.0 264.0 116.0 and

1364.0 15556.0 212.0 120.0 the
1640.0 15584.0 248.0 104.0 way
1952.0 15564.0 132.0 108.0 to
2156.0 15560.0 412.0 108.0 make
2644.0 15560.0 324.0 108.0 them
3040.0 15580.0 328.0 88.0 move
3444.0 15548.0 384.0 136.0 quick-

1352.0 15716.0 164.0 132.0 ly,
1588.0 15712.0 700.0 132.0 pleasantly,
2396.0 15708.0 844.0 128.0 successfully,
3316.0 15704.0 552.0 112.0 without

1360.0 15864.0 460.0 132.0 griping
1868.0 15888.0 136.0 84.0 or
2052.0 15860.0 424.0 112.0 harsh
2544.0 15860.0 556.0 112.0 irritants
3152.0 15860.0 104.0 108.0 Is
3312.0 15856.0 136.0 112.0 to
3508.0 15852.0 364.0 112.0 chew

1360.0 16040.0 88.0 88.0 a
1512.0 16012.0 520.0 116.0 Milnesla
2104.0 16016.0 484.0 108.0 Wafer
2656.0 16008.0 736.0 132.0 thoroughly,
3460.0 16004.0 140.0 112.0 in
3672.0 16028.0 160.0 88.0 ac-

1360.0 16168.0 560.0 108.0 cordance
1976.0 16164.0 324.0 112.0 with
2368.0 16164.0 684.0 108.0 directions
3108.0 16188.0 152.0 84.0 on
3312.0 16156.0 220.0 112.0 the
3600.0 16148.0 232.0 120.0 bot-

1368.0 16316.0 176.0 112.0 tle
1608.0 16340.0 132.0 88.0 or
1800.0 16316.0 200.0 136.0 tin,
2076.0 16316.0 340.0 112.0 then
2492.0 16316.0 580.0 112.0 swallow.

1500.0 16468.0 524.0 116.0 Jlilnesia
2176.0 16464.0 588.0 128.0 Wafers,
2888.0 16488.0 280.0 104.0 pure
3288.0 16456.0 312.0 112.0 milk
3736.0 16452.0 148.0 116.0 of

1364.0 16620.0 588.0 132.0 magnesia
2004.0 16616.0 136.0 112.0 In
2200.0 16616.0 452.0 112.0 tablet
2704.0 16616.0 340.0 124.0 form,
3100.0 16612.0 292.0 108.0 each
3448.0 16608.0 388.0 132.0 equiv-

1372.0 16776.0 320.0 108.0 alent
1752.0 16776.0 120.0 108.0 to
1932.0 16792.0 80.0 88.0 a
2080.0 16768.0 784.0 128.0 tablespoon
2928.0 16764.0 128.0 108.0 of
3116.0 16760.0 376.0 128.0 liquid
3564.0 16756.0 324.0 112.0 milk

1360.0 16920.0 140.0 112.0 of
1616.0 16920.0 632.0 132.0 magnesia,
2396.0 16916.0 504.0 112.0 correct
3016.0 16912.0 472.0 128.0 acidity,
3628.0 16904.0 264.0 112.0 bad

1372.0 17072.0 444.0 136.0 breath,
1908.0 17072.0 744.0 132.0 flatulence,
2760.0 17068.0 136.0 112.0 at
2980.0 17064.0 312.0 112.0 their
3388.0 17084.0 500.0 100.0 source,

1364.0 17228.0 240.0 108.0 and
1680.0 17220.0 408.0 116.0 enable
2176.0 17244.0 280.0 108.0 you
2552.0 17224.0 148.0 104.0 to
2784.0 17216.0 296.0 112.0 have
3168.0 17216.0 204.0 108.0 the
3460.0 17208.0 432.0 132.0 quick,

1364.0 17376.0 560.0 132.0 pleasant,
2028.0 17368.0 752.0 116.0 successful
2880.0 17360.0 740.0 116.0 elimination
3732.0 17380.0 156.0 88.0 so

1368.0 17548.0 616.0 104.0 necessary
2052.0 17532.0 144.0 104.0 to
2272.0 17520.0 672.0 112.0 abundant
3000.0 17512.0 436.0 116.0 health.

1512.0 17672.0 528.0 116.0 Jlilnesia
2136.0 17672.0 556.0 108.0 Wafers
2788.0 17692.0 316.0 84.0 come
3188.0 17664.0 128.0 108.0 In
3412.0 17660.0 488.0 112.0 bottles

1376.0 17836.0 140.0 112.0 at
1572.0 17828.0 196.0 112.0 35c
1824.0 17824.0 232.0 112.0 and
2116.0 17824.0 244.0 108.0 60c
2436.0 17844.0 164.0 88.0 or
2664.0 17820.0 132.0 108.0 In
2860.0 17812.0 700.0 116.0 convenient
3620.0 17812.0 276.0 112.0 tins

1384.0 17980.0 140.0 116.0 at
1588.0 17980.0 228.0 112.0 20c.
1884.0 17968.0 1024.0 120.0 Recommended
2976.0 17964.0 148.0 132.0 by
3196.0 17960.0 704.0 116.0 thousands

1388.0 18128.0 136.0 116.0 of
1620.0 18128.0 736.0 136.0 physicians.
2528.0 18120.0 224.0 112.0 All
2860.0 18112.0 288.0 136.0 good
3252.0 18116.0 652.0 128.0 druggists

1380.0 18308.0 340.0 108.0 carry
1768.0 18280.0 352.0 116.0 them.
2248.0 18276.0 392.0 112.0 Start
2696.0 18272.0 348.0 124.0 using
3092.0 18268.0 336.0 108.0 these
3488.0 18268.0 372.0 128.0 pleas-

1388.0 18440.0 216.0 112.0 ant
1688.0 18436.0 444.0 124.0 tasting
2232.0 18428.0 620.0 112.0 effective
2936.0 18420.0 432.0 112.0 wafers
3468.0 18416.0 440.0 128.0 today.

2172.0 19580.0 1552.0 212.0 OINTMENT

1916.0 19836.0 296.0 164.0 will
2304.0 19836.0 296.0 164.0 aid
2668.0 19836.0 168.0 160.0 in
2880.0 19824.0 712.0 192.0 removing

1856.0 20044.0 332.0 152.0 that
2256.0 20032.0 624.0 216.0 itching
2904.0 20028.0 744.0 184.0 dandruff,

1940.0 20264.0 452.0 136.0 sistcd
2436.0 20264.0 192.0 196.0 iy
2664.0 20264.0 596.0 200.0 slumpocs
3300.0 20264.0 372.0 132.0 raa

1668.0 20548.0 1992.0 384.0 euticura

1684.0 20912.0 332.0 200.0 W
2264.0 20972.0 828.0 180.0 SOAP

1636.0 21192.0 124.0 164.0 t
1832.0 21196.0 324.0 208.0 kep
2268.0 21232.0 348.0 120.0 'our
2684.0 21188.0 400.0 208.0 scalp
3144.0 21176.0 528.0 172.0 ckaru

1380.0 21784.0 608.0 116.0 WNU-W

3480.0 21772.0 472.0 116.0 3135

1496.0 22348.0 296.0 168.0 SALT
1868.0 22344.0 492.0 168.0 UKE'S
2468.0 22336.0 540.0 168.0 NEWEST
3084.0 22332.0 684.0 168.0 HOSTELRY

1508.0 22700.0 108.0 124.0 0
1664.0 22692.0 236.0 112.0 Our
1984.0 22684.0 412.0 136.0 lobby
2504.0 22680.0 128.0 112.0 is
2720.0 22676.0 744.0 136.0 delightfully
3564.0 22676.0 220.0 108.0 air

1496.0 22836.0 396.0 120.0 cooled
1932.0 22836.0 484.0 132.0 daring
2460.0 22832.0 228.0 112.0 the
2724.0 22852.0 504.0 88.0 summer
3256.0 22824.0 524.0 112.0 months

1496.0 23052.0 340.0 104.0 Radio
1892.0 23048.0 192.0 104.0 for
2148.0 23048.0 424.0 108.0 Every
2628.0 23040.0 344.0 100.0 Room

1496.0 23200.0 236.0 104.0 200
1760.0 23200.0 416.0 96.0 Rooms
2300.0 23196.0 288.0 96.0 200
2628.0 23192.0 276.0 96.0 Bath

2588.0 23592.0 24.0 52.0 t
2692.0 23564.0 28.0 80.0 I

3288.0 24040.0 84.0 64.0 ''

3460.0 24204.0 24.0 76.0 (

2268.0 24940.0 736.0 164.0 HOTEL

1508.0 25160.0 1124.0 396.0 Temple
2740.0 25160.0 1056.0 392.0 Square

1796.0 25624.0 428.0 112.0 Rates
2304.0 25612.0 1144.0 132.0 $l.SOio$3.0Q

1548.0 25900.0 92.0 100.0 t)
1676.0 25896.0 216.0 92.0 The
1956.0 25892.0 360.0 96.0 Hotel
2396.0 25884.0 468.0 112.0 Temple
2924.0 25884.0 396.0 92.0 Sirnara
3376.0 25884.0 148.0 88.0 ha
3656.0 25912.0 84.0 60.0 a

1552.0 26008.0 344.0 104.0 highly
2004.0 26020.0 68.0 72.0 d
2088.0 26012.0 308.0 80.0 cairn
2420.0 26004.0 224.0 92.0 blr,
2756.0 26004.0 424.0 96.0 frirniily
3292.0 26016.0 388.0 64.0 atmoa-

1552.0 26116.0 588.0 108.0 phere.You
2184.0 26112.0 248.0 88.0 will
2476.0 26112.0 388.0 100.0 always
2892.0 26112.0 216.0 80.0 find
3144.0 26112.0 76.0 80.0 it
3252.0 26136.0 424.0 52.0 immac-

1548.0 26232.0 312.0 96.0 ulate,
1936.0 26224.0 680.0 104.0 supremely
2704.0 26216.0 720.0 88.0 comfortable,
3496.0 26212.0 244.0 88.0 and

1552.0 26336.0 636.0 100.0 thoroughly
2228.0 26328.0 844.0 96.0 aaerable.ou
3108.0 26356.0 200.0 56.0 can
3352.0 26328.0 328.0 80.0 there

1548.0 26452.0 216.0 88.0 fore
1816.0 26444.0 740.0 88.0 uuderatjuid
2628.0 26440.0 228.0 100.0 why
2924.0 26440.0 208.0 84.0 thia
3196.0 26436.0 316.0 88.0 botei
3576.0 26436.0 164.0 88.0 iai

1788.0 26584.0 560.0 96.0 HIGHLY
2420.0 26580.0 1020.0 96.0 RECOMMENDED

1552.0 26732.0 216.0 96.0 Ton
1804.0 26772.0 200.0 56.0 can
2048.0 26732.0 264.0 92.0 alao
2356.0 26732.0 616.0 108.0 appreciate
3004.0 26728.0 212.0 108.0 why
3240.0 26764.0 28.0 52.0 i

1624.0 26884.0 184.0 100.0 li'i
1844.0 26908.0 64.0 72.0 a
1944.0 26884.0 348.0 88.0 mark
2332.0 26880.0 152.0 88.0 of
2520.0 26880.0 636.0 92.0 ditVnction
3192.0 26884.0 120.0 84.0 to
3348.0 26880.0 292.0 108.0 stop

1840.0 27012.0 124.0 88.0 at
2000.0 27004.0 256.0 96.0 thia
2300.0 27000.0 588.0 92.0 beauttul
2916.0 27004.0 492.0 100.0 hostelry

1504.0 27160.0 636.0 124.0 ERNEST
2236.0 27160.0 164.0 112.0 C.
2504.0 27156.0 860.0 132.0 ROSSITER,
3432.0 27160.0 360.0 112.0 Mr.

1560.0 20000.0 216.0 288.0 V

1640.0 20288.0 288.0 112.0 145

4176.0 1376.0 1200.0 512.0 HIHT
5600.0 1376.0 928.0 496.0 EMS

4544.0 2032.0 560.0 480.0 PASS
5312.0 2032.0 288.0 480.0 IN
5824.0 2000.0 976.0 512.0 n

4168.0 2892.0 892.0 116.0 DEMOCRATS
5112.0 2896.0 328.0 108.0 ARE
5528.0 2884.0 996.0 116.0 DETERMINED
6580.0 2876.0 232.0 108.0 TO

4356.0 3104.0 376.0 112.0 PUSH
4816.0 3100.0 944.0 108.0 ROOSEVELT
5824.0 3092.0 288.0 108.0 TAX
6188.0 3080.0 380.0 116.0 PLAN

4940.0 3304.0 192.0 108.0 TO
5216.0 3296.0 764.0 112.0 PASSAGE.

4508.0 3640.0 156.0 128.0 By
4744.0 3636.0 668.0 108.0 EDWARD
5508.0 3640.0 192.0 100.0 W.
5784.0 3616.0 632.0 116.0 PICKARD

4792.0 3804.0 88.0 76.0 W
5008.0 3820.0 64.0 60.0 t.
5116.0 3816.0 112.0 68.0 rn
5284.0 3796.0 656.0 92.0 Newnpaper
5972.0 3788.0 324.0 84.0 Union.

4144.0 4016.0 1116.0 244.0 DEMOCRATIC
5364.0 4028.0 844.0 108.0 congressmen
6300.0 3988.0 504.0 112.0 started

4464.0 4188.0 192.0 104.0 the
4768.0 4180.0 304.0 104.0 week
5200.0 4176.0 508.0 128.0 briskly
5832.0 4160.0 692.0 116.0 determined
6664.0 4164.0 144.0 96.0 to

4128.0 4356.0 308.0 128.0 push
4504.0 4344.0 472.0 128.0 through
5048.0 4348.0 208.0 108.0 the
5336.0 4336.0 744.0 112.0 President's
6140.0 4328.0 344.0 104.0 "soak
6572.0 4328.0 236.0 100.0 the

4128.0 4520.0 328.0 108.0 rich"
4524.0 4528.0 188.0 96.0 tax
4780.0 4512.0 184.0 108.0 bill
5036.0 4520.0 128.0 100.0 at
5232.0 4512.0 276.0 108.0 this
5584.0 4508.0 480.0 108.0 session.
6160.0 4492.0 644.0 128.0 Opposing

5236.0 4676.0 364.0 104.0 them
5732.0 4672.0 268.0 104.0 with
6112.0 4660.0 332.0 128.0 equal
6584.0 4660.0 172.0 104.0 de-

5232.0 4840.0 800.0 108.0 termination
6180.0 4848.0 352.0 88.0 were
6720.0 4852.0 76.0 76.0 a

5236.0 5012.0 544.0 104.0 number
5844.0 5008.0 120.0 104.0 of
6024.0 5000.0 180.0 108.0 the
6272.0 4992.0 528.0 112.0 hardest

5224.0 5172.0 640.0 128.0 righting
5984.0 5160.0 820.0 132.0 Republicans

5220.0 5348.0 300.0 104.0 who
5664.0 5344.0 344.0 108.0 insist
6120.0 5332.0 240.0 108.0 that
6496.0 5356.0 252.0 80.0 con-

5220.0 5512.0 700.0 108.0 sideration
6012.0 5500.0 116.0 108.0 of
6216.0 5500.0 580.0 108.0 taxation

5224.0 5680.0 160.0 108.0 be
5576.0 5668.0 632.0 140.0 postponed
6380.0 5660.0 416.0 108.0 until

5224.0 5860.0 320.0 100.0 next
5660.0 5852.0 404.0 100.0 winter
6156.0 5832.0 220.0 112.0 and
6492.0 5832.0 300.0 108.0 that

5224.0 6024.0 680.0 104.0 meantime
5972.0 6012.0 180.0 108.0 the
6204.0 6000.0 588.0 128.0 question

5212.0 6192.0 164.0 104.0 be
5452.0 6184.0 488.0 112.0 studied
6004.0 6168.0 572.0 128.0 carefully
6652.0 6172.0 136.0 100.0 In

5208.0 6356.0 744.0 112.0 connection
6108.0 6340.0 264.0 108.0 with
6560.0 6332.0 232.0 108.0 the

5212.0 6528.0 492.0 120.0 bmlget
5840.0 6516.0 176.0 104.0 for
6140.0 6508.0 188.0 104.0 the
6468.0 6508.0 320.0 100.0 nest

5208.0 6692.0 376.0 104.0 fiscal
5664.0 6712.0 316.0 104.0 year.
6080.0 6676.0 372.0 104.0 These
6536.0 6672.0 208.0 100.0 Re-

5200.0 6856.0 676.0 132.0 publicans
5944.0 6868.0 188.0 80.0 are
6196.0 6832.0 588.0 128.0 urgently

5200.0 7028.0 496.0 116.0 calling
5832.0 7020.0 176.0 104.0 for
6132.0 7012.0 140.0 100.0 ah
6404.0 7000.0 376.0 124.0 early

4920.0 5936.0 144.0 176.0 A

5028.0 6116.0 36.0 144.0 i

4336.0 6808.0 480.0 104.0 Senator

4184.0 6972.0 748.0 128.0 Vandenberg

4080.0 7208.0 824.0 128.0 adjournment
5056.0 7200.0 132.0 104.0 of
5368.0 7212.0 620.0 108.0 congress.
6144.0 7172.0 644.0 112.0 Senator

4088.0 7376.0 580.0 128.0 Hastings
4752.0 7368.0 120.0 112.0 of
4964.0 7368.0 692.0 108.0 Delaware
5764.0 7360.0 200.0 104.0 has
6056.0 7336.0 724.0 124.0 introduced

4088.0 7572.0 76.0 84.0 a
4260.0 7544.0 616.0 112.0 resolution
4972.0 7536.0 484.0 132.0 setting
5556.0 7532.0 460.0 124.0 August
6100.0 7516.0 128.0 112.0 10
6308.0 7536.0 144.0 88.0 as
6552.0 7508.0 236.0 112.0 the

4096.0 7716.0 236.0 132.0 day
4452.0 7712.0 180.0 108.0 for
4736.0 7708.0 520.0 132.0 quitting
5388.0 7700.0 268.0 108.0 and
5780.0 7720.0 232.0 84.0 was
6116.0 7688.0 392.0 124.0 trying
6648.0 7684.0 144.0 100.0 to

4100.0 7888.0 308.0 104.0 have
4500.0 7884.0 92.0 108.0 It
4684.0 7880.0 496.0 128.0 brought
5296.0 7900.0 180.0 104.0 up
5588.0 7872.0 204.0 104.0 for
5888.0 7852.0 896.0 124.0 consideration

4100.0 8052.0 420.0 112.0 before
4628.0 8076.0 492.0 108.0 passage
5248.0 8044.0 152.0 108.0 of
5536.0 8040.0 216.0 112.0 the
5872.0 8044.0 180.0 100.0 tax
6168.0 8044.0 620.0 88.0 measure.

4092.0 8220.0 508.0 116.0 Senator
4660.0 8216.0 800.0 128.0 Vandenberg
5536.0 8212.0 140.0 108.0 of
5740.0 8204.0 592.0 124.0 Michigan,
6400.0 8192.0 380.0 108.0 often

4088.0 8392.0 660.0 108.0 mentioned
4808.0 8412.0 132.0 84.0 as
5004.0 8412.0 72.0 84.0 a
5144.0 8372.0 840.0 120.0 Presidential
6048.0 8360.0 736.0 140.0 possibility,

4096.0 8564.0 268.0 112.0 also
4480.0 8552.0 624.0 116.0 demanded
5240.0 8540.0 932.0 140.0 postponement
6280.0 8528.0 132.0 112.0 of
6548.0 8524.0 240.0 108.0 the

4084.0 8740.0 220.0 104.0 tax
4400.0 8724.0 640.0 136.0 legislation
5148.0 8716.0 344.0 112.0 until
5608.0 8712.0 548.0 124.0 January,
6252.0 8696.0 240.0 112.0 and
6608.0 8692.0 176.0 112.0 he

4080.0 8924.0 312.0 108.0 gave
4484.0 8900.0 192.0 108.0 out
4764.0 8920.0 64.0 84.0 a
4920.0 8892.0 708.0 112.0 statement
5724.0 8868.0 712.0 128.0 denouncing
6544.0 8864.0 240.0 112.0 the

4084.0 9060.0 1044.0 120.0 administration's
5216.0 9056.0 324.0 128.0 plan
5632.0 9076.0 144.0 84.0 as
5852.0 9072.0 68.0 84.0 a
5996.0 9036.0 468.0 112.0 "sterile
6560.0 9064.0 172.0 100.0 po-

4076.0 9236.0 384.0 112.0 litical
4516.0 9228.0 520.0 136.0 gesture"
5100.0 9224.0 424.0 112.0 which
5608.0 9212.0 380.0 116.0 would
6040.0 9212.0 300.0 108.0 raise
6384.0 9204.0 396.0 128.0 "only

4076.0 9436.0 80.0 84.0 a
4248.0 9404.0 308.0 116.0 little
4636.0 9408.0 324.0 104.0 extra
5052.0 9392.0 480.0 136.0 pocket
5628.0 9380.0 504.0 136.0 change"
6216.0 9376.0 240.0 112.0 and
6560.0 9376.0 176.0 108.0 de-

4076.0 9576.0 408.0 112.0 clared
4592.0 9568.0 248.0 116.0 that
4952.0 9568.0 260.0 104.0 "we
5296.0 9560.0 520.0 112.0 chatter
5924.0 9556.0 120.0 116.0 of
6152.0 9552.0 348.0 104.0 taxes
6636.0 9544.0 148.0 112.0 In

4072.0 9744.0 520.0 108.0 millions
4708.0 9744.0 116.0 108.0 to
4944.0 9732.0 380.0 116.0 offset
5468.0 9732.0 444.0 108.0 known
6032.0 9716.0 456.0 116.0 deficits
6636.0 9716.0 144.0 112.0 In

4076.0 9908.0 572.0 116.0 billions."

4220.0 10100.0 320.0 112.0 "The
4612.0 10096.0 500.0 136.0 pending
5192.0 10096.0 236.0 104.0 tax
5516.0 10088.0 256.0 124.0 bill,
5848.0 10112.0 128.0 84.0 as
6040.0 10084.0 88.0 108.0 it
6200.0 10080.0 100.0 108.0 Is
6380.0 10076.0 400.0 132.0 being

4064.0 10260.0 740.0 140.0 developed,"
4896.0 10260.0 268.0 112.0 said
5288.0 10260.0 552.0 116.0 Senator
5932.0 10248.0 844.0 124.0 Vandenberg,

4064.0 10436.0 324.0 112.0 "will
4464.0 10444.0 196.0 104.0 not
4740.0 10436.0 524.0 132.0 produce
5356.0 10420.0 772.0 140.0 appreciable
6208.0 10440.0 572.0 84.0 revenue

4064.0 10608.0 204.0 108.0 for
4364.0 10604.0 356.0 112.0 Uncle
4812.0 10604.0 312.0 112.0 Sam.
5320.0 10596.0 132.0 112.0 It
5564.0 10596.0 248.0 108.0 will
5908.0 10600.0 192.0 104.0 not
6192.0 10612.0 228.0 104.0 pay
6540.0 10584.0 236.0 108.0 the

4060.0 10776.0 716.0 112.0 President's
4856.0 10768.0 416.0 112.0 deficit
5368.0 10792.0 332.0 84.0 ever,
5784.0 10760.0 180.0 108.0 for
6040.0 10756.0 192.0 112.0 the
6308.0 10752.0 468.0 132.0 period

4060.0 10948.0 360.0 108.0 while
4512.0 10944.0 192.0 112.0 the
4792.0 10940.0 200.0 108.0 bill
5092.0 10940.0 116.0 108.0 Is
5316.0 10936.0 424.0 112.0 under
5832.0 10928.0 940.0 116.0 consideration.

4056.0 11128.0 176.0 104.0 As
4316.0 11140.0 72.0 88.0 a
4460.0 11112.0 800.0 116.0 contribution
5344.0 11108.0 148.0 108.0 to
5580.0 11108.0 212.0 108.0 the
5864.0 11100.0 368.0 136.0 public
6304.0 11096.0 472.0 124.0 credit,

4060.0 11292.0 104.0 108.0 it
4240.0 11288.0 108.0 108.0 Is
4428.0 11308.0 132.0 88.0 as
4632.0 11284.0 280.0 136.0 grim
4992.0 11308.0 76.0 84.0 a
5152.0 11280.0 356.0 108.0 boax
5600.0 11300.0 140.0 84.0 as
5820.0 11296.0 232.0 84.0 was
6124.0 11292.0 272.0 88.0 ever
6480.0 11292.0 256.0 104.0 per-

4060.0 11452.0 548.0 136.0 petrated
4708.0 11480.0 144.0 84.0 on
4956.0 11452.0 212.0 108.0 the
5296.0 11452.0 576.0 124.0 country.
6036.0 11444.0 148.0 104.0 As
6280.0 11464.0 76.0 80.0 a
6472.0 11436.0 260.0 108.0 'dis-

4060.0 11628.0 520.0 108.0 tributor
4636.0 11624.0 120.0 108.0 of
4812.0 11620.0 456.0 108.0 wealth
5380.0 11620.0 116.0 108.0 It
5560.0 11616.0 112.0 112.0 is
5736.0 11640.0 68.0 84.0 a
5868.0 11636.0 292.0 84.0 mere
6220.0 11612.0 564.0 124.0 vagrant

4060.0 11796.0 576.0 112.0 flirtation
4716.0 11788.0 276.0 112.0 with
5076.0 11788.0 276.0 108.0 this
5444.0 11788.0 256.0 108.0 left
5780.0 11784.0 288.0 128.0 wing
6144.0 11772.0 384.0 116.0 idea."

4212.0 11976.0 860.0 132.0 Nevertheless,
5204.0 11976.0 112.0 108.0 It
5456.0 11972.0 600.0 132.0 appeared
6172.0 11964.0 620.0 132.0 probable

4052.0 12152.0 284.0 112.0 that
4396.0 12152.0 200.0 108.0 the
4652.0 12152.0 200.0 108.0 tax
4912.0 12168.0 608.0 88.0 measure
5592.0 12140.0 384.0 116.0 would
6032.0 12140.0 136.0 112.0 be
6228.0 12136.0 560.0 112.0 enacted

4060.0 12320.0 420.0 112.0 before
4576.0 12316.0 912.0 132.0 adjournment,
5608.0 12316.0 196.0 104.0 for
5896.0 12308.0 188.0 112.0 the
6176.0 12304.0 568.0 112.0 adminis-

4060.0 12492.0 452.0 108.0 tration
4616.0 12488.0 460.0 116.0 leaders
5184.0 12484.0 276.0 112.0 had
5580.0 12476.0 568.0 140.0 promised
6260.0 12480.0 264.0 112.0 this
6652.0 12484.0 140.0 100.0 to

4060.0 12660.0 512.0 112.0 Senator
4656.0 12656.0 160.0 112.0 La
4908.0 12656.0 568.0 112.0 Follette
5584.0 12652.0 236.0 112.0 and
5908.0 12652.0 320.0 108.0 other
6320.0 12648.0 424.0 104.0 "liber-

4060.0 12832.0 292.0 124.0 als,"
4452.0 12828.0 224.0 112.0 and
4772.0 12828.0 488.0 108.0 besides
5384.0 12828.0 332.0 128.0 that,
5816.0 12824.0 260.0 128.0 they
6176.0 12820.0 316.0 108.0 have
6616.0 12844.0 176.0 80.0 no

4064.0 13000.0 400.0 112.0 desire
4576.0 13004.0 116.0 108.0 to
4804.0 13024.0 284.0 104.0 pass
5220.0 13024.0 80.0 80.0 a
5440.0 12996.0 548.0 108.0 taxation
6100.0 12988.0 196.0 112.0 bill
6424.0 12992.0 144.0 104.0 In
6708.0 13016.0 84.0 80.0 a

4060.0 13172.0 780.0 112.0 Presidential
4980.0 13168.0 572.0 108.0 election
5700.0 13192.0 304.0 104.0 year.
6168.0 13164.0 164.0 108.0 As
6496.0 13184.0 248.0 104.0 pro-

4060.0 13340.0 388.0 112.0 duced
4536.0 13340.0 140.0 128.0 by
4768.0 13340.0 200.0 108.0 the
5068.0 13340.0 424.0 108.0 house
5596.0 13360.0 320.0 100.0 ways
6004.0 13328.0 216.0 112.0 and
6320.0 13352.0 472.0 84.0 means

4056.0 13512.0 668.0 108.0 committee
4796.0 13512.0 328.0 108.0 after
5200.0 13512.0 396.0 124.0 great
5668.0 13504.0 412.0 112.0 travail
6152.0 13504.0 204.0 108.0 the
6432.0 13524.0 312.0 84.0 mea

4060.0 13704.0 288.0 88.0 sure
4416.0 13680.0 580.0 108.0 embodies
5068.0 13704.0 172.0 84.0 an
5316.0 13672.0 168.0 112.0 87
5568.0 13700.0 216.0 108.0 per
5848.0 13676.0 252.0 104.0 cent
6172.0 13668.0 568.0 112.0 confisca-

4060.0 13852.0 260.0 112.0 tion
4424.0 13848.0 128.0 108.0 of
4648.0 13848.0 316.0 128.0 large
5072.0 13848.0 624.0 108.0 fortunes
5796.0 13844.0 216.0 112.0 and
6108.0 13840.0 680.0 108.0 increased

4064.0 14020.0 372.0 108.0 levies
4500.0 14044.0 140.0 84.0 on
4696.0 14016.0 196.0 112.0 the
4948.0 14016.0 272.0 116.0 rich
5300.0 14016.0 424.0 108.0 which
5788.0 14008.0 360.0 112.0 would
6208.0 14012.0 588.0 128.0 produce

4064.0 14188.0 512.0 136.0 perhaps
4664.0 14184.0 824.0 132.0 $250,000,000
5588.0 14184.0 132.0 112.0 of
5808.0 14180.0 640.0 112.0 additional
6556.0 14204.0 184.0 84.0 an

4064.0 14356.0 288.0 108.0 nual
4420.0 14384.0 524.0 80.0 revenue.

4076.0 14712.0 644.0 248.0 NEEDY
4828.0 14712.0 600.0 112.0 teachers
5552.0 14708.0 240.0 112.0 and
5892.0 14704.0 536.0 112.0 students
6556.0 14728.0 244.0 84.0 are

4400.0 14892.0 120.0 104.0 to
4640.0 14884.0 188.0 128.0 get
4956.0 14880.0 628.0 112.0 financial
5724.0 14876.0 256.0 132.0 help
6096.0 14876.0 312.0 108.0 from
6560.0 14876.0 244.0 108.0 the

4076.0 15052.0 424.0 116.0 Works
4564.0 15052.0 564.0 128.0 Progress
5204.0 15048.0 992.0 108.0 administration
6264.0 15044.0 484.0 108.0 accord-

4072.0 15228.0 204.0 132.0 ing
4348.0 15228.0 124.0 108.0 to
4540.0 15224.0 328.0 132.0 plans
4952.0 15220.0 384.0 128.0 being
5424.0 15216.0 612.0 132.0 perfected
6108.0 15220.0 144.0 124.0 by
6328.0 15216.0 236.0 120.0 Dr.
6652.0 15212.0 144.0 112.0 L.

4068.0 15396.0 140.0 120.0 R.
4280.0 15392.0 648.0 116.0 Alderman.
5080.0 15388.0 288.0 108.0 The
5452.0 15396.0 252.0 104.0 two
5772.0 15384.0 304.0 112.0 chief
6140.0 15384.0 428.0 132.0 points
6656.0 15384.0 136.0 108.0 In

4072.0 15568.0 192.0 108.0 his
4332.0 15588.0 528.0 108.0 program
4936.0 15584.0 296.0 88.0 are:

4212.0 15752.0 932.0 112.0 Establishment
5216.0 15748.0 156.0 108.0 of
5444.0 15772.0 520.0 84.0 summer
6020.0 15744.0 480.0 116.0 schools
6576.0 15748.0 220.0 108.0 for

4068.0 15920.0 324.0 132.0 1,200
4472.0 15920.0 528.0 112.0 teachers
5092.0 15920.0 308.0 104.0 who
5500.0 15944.0 316.0 80.0 were
5896.0 15940.0 404.0 104.0 among
6396.0 15912.0 404.0 112.0 those

4072.0 16092.0 264.0 108.0 who
4460.0 16092.0 404.0 128.0 taught
4992.0 16088.0 564.0 132.0 reading
5684.0 16088.0 220.0 108.0 and
6020.0 16084.0 484.0 132.0 writing
6660.0 16088.0 140.0 108.0 to

4068.0 16264.0 456.0 124.0 500,000
4604.0 16264.0 652.0 108.0 illiterates
5356.0 16260.0 268.0 108.0 last
5712.0 16284.0 300.0 104.0 year.

4216.0 16452.0 288.0 112.0 Jobs
4580.0 16456.0 116.0 104.0 to
4772.0 16448.0 140.0 108.0 be
5000.0 16448.0 640.0 132.0 provided
5724.0 16444.0 184.0 108.0 for
5980.0 16440.0 460.0 132.0 125,000
6540.0 16444.0 208.0 112.0 col-

4072.0 16624.0 260.0 128.0 lege
4400.0 16620.0 524.0 112.0 students
4996.0 16616.0 488.0 136.0 during
5556.0 16616.0 208.0 108.0 the
5828.0 16612.0 436.0 132.0 coming
6336.0 16612.0 464.0 108.0 school

4076.0 16816.0 320.0 112.0 year.

4220.0 16976.0 748.0 128.0 Twenty-five
5060.0 17000.0 584.0 84.0 summer
5736.0 16972.0 436.0 108.0 schools
6260.0 16976.0 272.0 108.0 will
6636.0 16972.0 168.0 108.0 be

4080.0 17144.0 668.0 136.0 conducted,
4896.0 17144.0 212.0 112.0 the
5280.0 17144.0 560.0 108.0 sessions
5972.0 17140.0 444.0 132.0 lasting
6592.0 17144.0 208.0 104.0 six

4076.0 17316.0 432.0 128.0 weeks,
4648.0 17312.0 224.0 112.0 and
5028.0 17312.0 228.0 112.0 the
5432.0 17312.0 548.0 112.0 teachers
6116.0 17312.0 688.0 132.0 attending

4084.0 17488.0 324.0 116.0 them
4492.0 17484.0 228.0 108.0 will
4808.0 17484.0 144.0 108.0 be
5044.0 17480.0 316.0 132.0 paid
5476.0 17484.0 312.0 108.0 from
5876.0 17484.0 192.0 124.0 $15
6156.0 17488.0 120.0 104.0 to
6376.0 17480.0 248.0 124.0 $1S
6728.0 17508.0 76.0 84.0 a

4084.0 17656.0 328.0 112.0 week
4528.0 17664.0 192.0 100.0 out
4832.0 17652.0 132.0 112.0 of
5084.0 17652.0 236.0 108.0 the
5452.0 17652.0 340.0 104.0 work
5896.0 17652.0 332.0 108.0 relief
6340.0 17652.0 464.0 108.0 funds.

4084.0 17824.0 384.0 112.0 These
4540.0 17820.0 536.0 112.0 teachers
5156.0 17820.0 284.0 108.0 will
5520.0 17820.0 152.0 108.0 be
5736.0 17820.0 396.0 128.0 taught
6200.0 17828.0 128.0 100.0 to
6404.0 17820.0 404.0 108.0 teach

4084.0 17992.0 404.0 116.0 adults
4560.0 17992.0 116.0 108.0 in
4748.0 17988.0 200.0 112.0 the
5028.0 17988.0 292.0 104.0 fall.

4236.0 18156.0 612.0 112.0 Alderman
4940.0 18152.0 292.0 112.0 said
5340.0 18156.0 172.0 104.0 he
5608.0 18156.0 460.0 132.0 already
6160.0 18156.0 240.0 116.0 had
6508.0 18164.0 312.0 104.0 sent

4096.0 18336.0 212.0 104.0 out
4404.0 18328.0 256.0 108.0 field
4752.0 18332.0 444.0 120.0 agents
5308.0 18328.0 144.0 108.0 to
5560.0 18324.0 196.0 108.0 aid
5848.0 18328.0 112.0 104.0 in
6052.0 18328.0 472.0 120.0 setting
6644.0 18352.0 176.0 100.0 up

4096.0 18520.0 480.0 84.0 courses
4652.0 18500.0 124.0 100.0 at
4856.0 18492.0 304.0 108.0 New
5260.0 18492.0 360.0 108.0 York
5704.0 18492.0 672.0 132.0 university,
6476.0 18496.0 348.0 108.0 Ohio

4100.0 18664.0 336.0 112.0 State
4580.0 18664.0 712.0 124.0 university,
5468.0 18660.0 468.0 112.0 Purdue
6064.0 18664.0 764.0 128.0 university.

4100.0 18832.0 392.0 112.0 Olivet
4592.0 18828.0 440.0 128.0 college
5168.0 18828.0 792.0 132.0 (Michigan),
6068.0 18832.0 756.0 132.0 University

4104.0 19000.0 132.0 112.0 of
4352.0 19000.0 676.0 120.0 Wisconsin,
5168.0 18996.0 724.0 136.0 University
6000.0 19004.0 124.0 104.0 of
6236.0 19000.0 592.0 132.0 Chicago

4096.0 19168.0 240.0 112.0 and
4492.0 19164.0 692.0 132.0 University
5372.0 19168.0 148.0 104.0 of
5684.0 19168.0 668.0 116.0 California.
6536.0 19172.0 292.0 108.0 The

4096.0 19340.0 348.0 108.0 other
4540.0 19336.0 512.0 132.0 training
5164.0 19336.0 520.0 112.0 schools
5784.0 19336.0 276.0 112.0 have
6156.0 19348.0 216.0 100.0 not
6488.0 19340.0 332.0 108.0 been

4100.0 19504.0 540.0 112.0 selected.

4120.0 19876.0 640.0 244.0 ALONG
4856.0 19884.0 212.0 108.0 the
5184.0 19880.0 284.0 112.0 line
5572.0 19876.0 132.0 116.0 of
5796.0 19884.0 612.0 132.0 providing
6524.0 19884.0 308.0 128.0 help

4436.0 20048.0 180.0 108.0 for
4720.0 20048.0 368.0 108.0 white
5208.0 20052.0 420.0 104.0 collar
5732.0 20052.0 528.0 124.0 workers,
6380.0 20052.0 452.0 128.0 Harry

4112.0 20220.0 132.0 116.0 L.
4356.0 20216.0 520.0 132.0 Hopkins
4996.0 20216.0 708.0 132.0 appointed
5820.0 20220.0 248.0 108.0 four
6176.0 20216.0 660.0 112.0 technical

4120.0 20388.0 624.0 112.0 assistants
4864.0 20392.0 128.0 104.0 to
5132.0 20384.0 432.0 108.0 direct
5684.0 20384.0 192.0 112.0 the
5988.0 20384.0 852.0 132.0 employment

4116.0 20560.0 140.0 108.0 of
4372.0 20560.0 544.0 128.0 painters,
5076.0 20552.0 732.0 120.0 musicians,
5940.0 20556.0 472.0 104.0 writers
6572.0 20552.0 268.0 108.0 and

4116.0 20732.0 424.0 104.0 actors.
4712.0 20720.0 336.0 132.0 They
5176.0 20744.0 316.0 88.0 are:
5692.0 20720.0 440.0 108.0 Nikolai
6248.0 20716.0 600.0 112.0 Sokoloft

4116.0 20900.0 200.0 108.0 for
4436.0 20896.0 384.0 128.0 music,
4952.0 20892.0 452.0 112.0 HalMe
5544.0 20888.0 580.0 132.0 Flanagan
6256.0 20888.0 216.0 108.0 for
6624.0 20888.0 224.0 108.0 the

4120.0 21068.0 492.0 124.0 theater,
4676.0 21060.0 456.0 132.0 Holger
5212.0 21056.0 432.0 108.0 Cahill
5712.0 21056.0 180.0 108.0 for
5948.0 21056.0 556.0 132.0 painters
6580.0 21056.0 264.0 108.0 and

4116.0 21232.0 612.0 128.0 sculptors,
4820.0 21224.0 244.0 112.0 and
5176.0 21228.0 456.0 128.0 Henry
5724.0 21224.0 124.0 108.0 G.
5936.0 21224.0 596.0 128.0 Alseberg
6636.0 21220.0 212.0 112.0 for

4120.0 21400.0 492.0 112.0 writers.

4268.0 21588.0 304.0 104.0 With
4676.0 21580.0 840.0 124.0 $300,000,000
5620.0 21576.0 556.0 108.0 available
6284.0 21576.0 220.0 108.0 for
6628.0 21572.0 224.0 108.0 the

4124.0 21752.0 612.0 112.0 estimated
4832.0 21744.0 508.0 128.0 750,000
5456.0 21744.0 360.0 112.0 white
5908.0 21744.0 356.0 112.0 collar
6376.0 21740.0 476.0 132.0 people

4128.0 21952.0 152.0 80.0 on
4368.0 21920.0 360.0 124.0 relief,
4812.0 21936.0 444.0 96.0 scores
5356.0 21916.0 152.0 104.0 of
5596.0 21932.0 496.0 108.0 surveys,
6176.0 21932.0 676.0 96.0 censuses,

4132.0 22088.0 372.0 116.0 traffic
4628.0 22088.0 500.0 124.0 studies,
5292.0 22080.0 264.0 104.0 and
5692.0 22080.0 424.0 104.0 similar
6260.0 22076.0 596.0 128.0 projects

4132.0 22260.0 300.0 108.0 have
4512.0 22256.0 280.0 108.0 been
4872.0 22244.0 644.0 140.0 provided
5592.0 22248.0 188.0 108.0 for
5856.0 22244.0 316.0 112.0 those
6260.0 22240.0 336.0 108.0 with
6692.0 22264.0 164.0 84.0 no

4132.0 22428.0 636.0 136.0 particular
4844.0 22416.0 344.0 112.0 skilL

4284.0 22612.0 324.0 108.0 Some
4668.0 22608.0 568.0 108.0 scholars
5316.0 22600.0 264.0 104.0 will
5644.0 22612.0 192.0 112.0 get
5884.0 22596.0 256.0 128.0 jobs
6204.0 22592.0 352.0 108.0 from
6640.0 22592.0 220.0 108.0 the

4132.0 22772.0 680.0 136.0 $20,000,000
4892.0 22772.0 424.0 104.0 worth
5408.0 22768.0 140.0 108.0 of
5632.0 22764.0 332.0 108.0 white
6040.0 22760.0 384.0 108.0 collar
6516.0 22756.0 296.0 132.0 proj-

4132.0 22956.0 256.0 108.0 ects
4484.0 22944.0 472.0 124.0 already
5072.0 22932.0 652.0 136.0 approved
5820.0 22932.0 176.0 108.0 for
6096.0 22928.0 300.0 108.0 New
6512.0 22924.0 344.0 108.0 York

4136.0 23124.0 276.0 124.0 city,
4496.0 23116.0 204.0 108.0 but
4788.0 23108.0 368.0 112.0 other
5256.0 23104.0 556.0 128.0 projects
5896.0 23100.0 288.0 108.0 have
6280.0 23092.0 584.0 116.0 awaited

4140.0 23280.0 792.0 140.0 appointment
5020.0 23272.0 148.0 112.0 of
5256.0 23272.0 232.0 108.0 the
5572.0 23268.0 260.0 108.0 four
5904.0 23268.0 640.0 108.0 directors.

4280.0 23468.0 524.0 136.0 Hopkins
4884.0 23464.0 284.0 104.0 also
5260.0 23452.0 708.0 112.0 announced
6044.0 23448.0 264.0 112.0 that
6404.0 23472.0 460.0 100.0 camps

4140.0 23644.0 192.0 108.0 for
4424.0 23624.0 788.0 140.0 unemployed
5332.0 23644.0 496.0 96.0 women.
5924.0 23612.0 564.0 112.0 Initiated
6608.0 23612.0 252.0 108.0 last

4140.0 23836.0 316.0 112.0 year,
4556.0 23800.0 376.0 112.0 would
5036.0 23796.0 164.0 108.0 be
5324.0 23788.0 488.0 112.0 revived
5912.0 23784.0 224.0 108.0 this
6244.0 23804.0 620.0 96.0 summer,

4140.0 23976.0 284.0 112.0 with
4540.0 23996.0 64.0 84.0 a
4720.0 23964.0 696.0 128.0 suggested
5548.0 23968.0 288.0 96.0 term
5944.0 23948.0 124.0 112.0 of
6180.0 23956.0 344.0 100.0 from
6672.0 23968.0 172.0 84.0 sit

4144.0 24144.0 384.0 112.0 weeks
4596.0 24144.0 116.0 104.0 to
4780.0 24144.0 244.0 100.0 two
5108.0 24128.0 552.0 108.0 months.
5804.0 24120.0 312.0 108.0 State
6184.0 24116.0 400.0 108.0 relief
6664.0 24108.0 160.0 112.0 ad-

4148.0 24304.0 848.0 120.0 ministrations
5064.0 24292.0 280.0 108.0 will
5420.0 24296.0 152.0 104.0 be
5632.0 24292.0 116.0 104.0 in
5804.0 24284.0 444.0 128.0 charge.
6360.0 24280.0 460.0 104.0 Educa-

4148.0 24484.0 364.0 108.0 tional
4576.0 24492.0 640.0 116.0 programs
5296.0 24460.0 264.0 104.0 will
5628.0 24456.0 140.0 104.0 be
5828.0 24448.0 464.0 120.0 offered,
6372.0 24448.0 248.0 104.0 but
6700.0 24444.0 164.0 112.0 all

4144.0 24656.0 212.0 108.0 but
4424.0 24652.0 320.0 108.0 three
4808.0 24640.0 136.0 108.0 of
5016.0 24636.0 232.0 108.0 the
5332.0 24652.0 356.0 100.0 camp
5756.0 24616.0 264.0 112.0 staff
6088.0 24624.0 336.0 100.0 must
6504.0 24636.0 364.0 84.0 come

4148.0 24824.0 304.0 108.0 from
4520.0 24812.0 340.0 112.0 relief
4936.0 24804.0 332.0 112.0 rolls
5352.0 24788.0 732.0 112.0 themselves.

4160.0 25164.0 1068.0 280.0 OPPONENTS
5364.0 25160.0 144.0 108.0 of
5624.0 25156.0 192.0 112.0 the
5920.0 25152.0 296.0 108.0 AAA
6348.0 25148.0 480.0 104.0 amend-

4468.0 25352.0 372.0 100.0 ments
4928.0 25328.0 636.0 128.0 designed
5644.0 25336.0 120.0 100.0 to
5836.0 25320.0 728.0 128.0 strengthen
6664.0 25316.0 212.0 112.0 the

4148.0 25544.0 448.0 112.0 powers
4724.0 25508.0 128.0 112.0 of
4996.0 25504.0 688.0 116.0 Secretary
5812.0 25488.0 120.0 112.0 of
6056.0 25484.0 820.0 132.0 Agriculture

4152.0 25688.0 508.0 108.0 Wallace
4752.0 25668.0 544.0 116.0 decided
5416.0 25672.0 132.0 100.0 to
5644.0 25660.0 156.0 108.0 let
5892.0 25660.0 184.0 108.0 the
6184.0 25656.0 372.0 104.0 basic
6668.0 25660.0 204.0 104.0 act

4156.0 25880.0 144.0 112.0 go
4364.0 25880.0 148.0 104.0 up
4572.0 25860.0 116.0 104.0 to
4756.0 25844.0 204.0 112.0 the
5040.0 25840.0 628.0 124.0 Supreme
5732.0 25836.0 344.0 104.0 court
6140.0 25852.0 140.0 80.0 so
6364.0 25824.0 240.0 104.0 the
6672.0 25820.0 160.0 108.0 ad-

4156.0 26016.0 780.0 120.0 ministration
5068.0 26004.0 244.0 112.0 bill
5452.0 26024.0 248.0 80.0 was
5808.0 25992.0 408.0 136.0 passed
6348.0 25992.0 176.0 128.0 by
6668.0 25992.0 208.0 108.0 the

4152.0 26204.0 404.0 104.0 senate
4656.0 26184.0 280.0 108.0 with
5052.0 26172.0 316.0 128.0 only
5488.0 26168.0 136.0 108.0 15
5720.0 26168.0 472.0 100.0 adverse
6300.0 26176.0 428.0 92.0 votes.

4292.0 26356.0 296.0 112.0 Both
4712.0 26344.0 804.0 136.0 Republican
5652.0 26336.0 212.0 104.0 and
5988.0 26332.0 892.0 104.0 conservative

4152.0 26520.0 732.0 120.0 Democratic
4976.0 26512.0 304.0 108.0 foes
5376.0 26504.0 144.0 108.0 of
5604.0 26504.0 192.0 104.0 the
5872.0 26500.0 288.0 104.0 AAA
6260.0 26524.0 240.0 80.0 are
6604.0 26524.0 232.0 80.0 con-

4160.0 26700.0 352.0 104.0 fident
4572.0 26692.0 256.0 108.0 that
4892.0 26684.0 228.0 108.0 the
5196.0 26676.0 592.0 124.0 Supreme
5844.0 26676.0 320.0 96.0 court
6240.0 26660.0 268.0 108.0 wi:i
6588.0 26664.0 288.0 104.0 hold

4164.0 26868.0 196.0 108.0 the
4444.0 26856.0 316.0 112.0 basic
4848.0 26856.0 208.0 104.0 act
5164.0 26832.0 1072.0 120.0 unconstitutional
6348.0 26832.0 272.0 104.0 and
6724.0 26856.0 156.0 80.0 an

4156.0 27028.0 320.0 128.0 early
4608.0 27032.0 236.0 100.0 test
4988.0 27016.0 124.0 104.0 Is
5268.0 27004.0 516.0 112.0 assured
5912.0 27000.0 132.0 124.0 by
6192.0 27028.0 64.0 76.0 a
6428.0 27008.0 456.0 96.0 tenate

4160.0 27196.0 732.0 112.0 amendment
4960.0 27180.0 760.0 132.0 permitting
5784.0 27176.0 284.0 100.0 suits
6140.0 27176.0 128.0 96.0 to
6356.0 27192.0 532.0 84.0 recover

4164.0 27364.0 660.0 136.0 processing
4936.0 27368.0 396.0 100.0 taxes
5456.0 27344.0 260.0 108.0 that
5816.0 27340.0 280.0 104.0 have
6208.0 27344.0 236.0 96.0 not
6572.0 27332.0 312.0 104.0 been

4164.0 27532.0 412.0 124.0 passed
4660.0 27552.0 140.0 88.0 on
4900.0 27528.0 132.0 104.0 to
5128.0 27516.0 680.0 132.0 producers
5884.0 27532.0 128.0 80.0 or
6092.0 27524.0 788.0 84.0 consumers.

8552.0 920.0 372.0 152.0 THE
8996.0 912.0 556.0 156.0 PARK

7000.0 1356.0 248.0 116.0 One
7364.0 1348.0 120.0 112.0 of
7596.0 1344.0 188.0 116.0 the
7920.0 1344.0 436.0 132.0 major
8496.0 1364.0 536.0 112.0 purposes
9156.0 1332.0 136.0 112.0 of
9428.0 1332.0 224.0 108.0 the

7000.0 1516.0 768.0 112.0 amendments
7868.0 1536.0 272.0 88.0 was
8260.0 1524.0 140.0 100.0 to
8508.0 1516.0 300.0 104.0 close
8896.0 1504.0 184.0 112.0 the
9176.0 1504.0 472.0 112.0 courts,

6996.0 1688.0 212.0 108.0 but
7272.0 1684.0 184.0 108.0 the
7516.0 1684.0 400.0 104.0 senate
7988.0 1680.0 592.0 124.0 rejected
8652.0 1676.0 220.0 108.0 this
8936.0 1668.0 472.0 112.0 scheme
9484.0 1664.0 164.0 124.0 by

6996.0 1880.0 64.0 76.0 a
7160.0 1856.0 256.0 100.0 vote
7492.0 1844.0 120.0 108.0 of
7692.0 1844.0 128.0 108.0 41
7924.0 1856.0 136.0 104.0 to
8160.0 1844.0 200.0 112.0 23.
8528.0 1844.0 160.0 112.0 As
8772.0 1864.0 64.0 88.0 a
8920.0 1836.0 400.0 124.0 result,
9424.0 1832.0 228.0 112.0 the

6988.0 2000.0 528.0 116.0 Hoosnck
7588.0 2000.0 304.0 112.0 Mills
7976.0 2028.0 364.0 104.0 case,
8424.0 2004.0 124.0 104.0 In
8628.0 2000.0 344.0 108.0 which
9052.0 2000.0 196.0 104.0 the
9336.0 1996.0 264.0 104.0 Bos-

6996.0 2192.0 200.0 100.0 ton
7276.0 2180.0 412.0 108.0 Circuit
7768.0 2176.0 396.0 112.0 Court
8260.0 2180.0 148.0 104.0 of
8496.0 2176.0 484.0 132.0 Appeals
9060.0 2164.0 272.0 112.0 held
9432.0 2168.0 224.0 104.0 the

6988.0 2344.0 296.0 108.0 AAA
7440.0 2344.0 1144.0 124.0 unconstitutional,
8740.0 2340.0 212.0 108.0 will
9104.0 2348.0 212.0 96.0 not
9496.0 2332.0 160.0 104.0 be

6996.0 2512.0 436.0 112.0 thrown
7532.0 2520.0 192.0 100.0 out
7828.0 2516.0 248.0 104.0 and
8212.0 2516.0 228.0 108.0 the
8552.0 2508.0 432.0 128.0 highest
9088.0 2496.0 560.0 116.0 tribunal

7000.0 2680.0 232.0 104.0 will
7316.0 2676.0 268.0 108.0 have
7664.0 2700.0 60.0 88.0 a
7816.0 2680.0 500.0 112.0 chance
8404.0 2692.0 132.0 100.0 to
8620.0 2704.0 256.0 108.0 pass
8956.0 2692.0 292.0 112.0 upon
9348.0 2664.0 140.0 112.0 1L

7004.0 3096.0 732.0 252.0 SENATOR
7884.0 3096.0 540.0 112.0 GLASS
8576.0 3096.0 376.0 116.0 scored
9084.0 3088.0 556.0 132.0 perhaps

7232.0 3264.0 180.0 108.0 the
7524.0 3268.0 528.0 124.0 greatest
8200.0 3268.0 484.0 128.0 victory
8804.0 3268.0 100.0 100.0 in
9028.0 3260.0 176.0 104.0 his
9336.0 3256.0 308.0 124.0 long

6996.0 3436.0 376.0 132.0 public
7432.0 3456.0 384.0 80.0 career
7888.0 3432.0 380.0 100.0 when
8348.0 3432.0 216.0 104.0 the
8628.0 3432.0 408.0 120.0 senate,
9100.0 3420.0 544.0 108.0 without

6996.0 3636.0 68.0 76.0 a
7148.0 3600.0 372.0 108.0 record
7608.0 3604.0 292.0 112.0 vote,
7992.0 3596.0 484.0 124.0 passed
8564.0 3596.0 172.0 104.0 his
8808.0 3588.0 304.0 108.0 draft
9192.0 3588.0 132.0 108.0 of
9416.0 3592.0 224.0 104.0 the

7016.0 3776.0 264.0 100.0 10;'5
7380.0 3776.0 484.0 112.0 banking
7976.0 3776.0 264.0 108.0 act,
8364.0 3788.0 136.0 76.0 re-

7000.0 3936.0 432.0 124.0 jecting
7584.0 3936.0 40.0 100.0 t
7668.0 3928.0 64.0 100.0 h
7780.0 3952.0 68.0 80.0 e
8024.0 3924.0 512.0 108.0 central

7008.0 4096.0 300.0 108.0 bank
7444.0 4096.0 516.0 100.0 features
8132.0 4088.0 400.0 128.0 urged

7008.0 4268.0 140.0 124.0 by
7268.0 4260.0 256.0 108.0 Gov.
7644.0 4260.0 636.0 108.0 Marriner
8420.0 4260.0 112.0 104.0 S.

7004.0 4428.0 392.0 112.0 Eccles
7488.0 4428.0 116.0 104.0 of
7704.0 4428.0 200.0 104.0 the
8012.0 4424.0 520.0 112.0 federal

7004.0 4620.0 444.0 84.0 reserve
7536.0 4592.0 344.0 108.0 board
7980.0 4600.0 268.0 104.0 and
8356.0 4592.0 132.0 108.0 fa-

7004.0 4772.0 332.0 104.0 vored
7420.0 4768.0 128.0 120.0 by
7632.0 4764.0 196.0 108.0 the
7912.0 4760.0 580.0 108.0 adminis-

6996.0 4936.0 448.0 104.0 tration,
7584.0 4928.0 240.0 108.0 The
7944.0 4932.0 584.0 128.0 doughty

7000.0 5100.0 604.0 132.0 Virginian,
7764.0 5096.0 272.0 112.0 who
8228.0 5124.0 304.0 80.0 was

7000.0 5296.0 280.0 80.0 once
7372.0 5276.0 576.0 116.0 secretary
8056.0 5268.0 152.0 104.0 of
8320.0 5268.0 208.0 108.0 the

7000.0 5452.0 540.0 108.0 treasury,
7672.0 5436.0 228.0 104.0 had
8056.0 5436.0 464.0 128.0 fought

6992.0 5604.0 700.0 128.0 desperately
7884.0 5600.0 648.0 132.0 against

6996.0 5776.0 196.0 108.0 the
7252.0 5772.0 376.0 108.0 Eccles
7692.0 5772.0 516.0 112.0 scheme
8276.0 5784.0 248.0 96.0 and

6988.0 5940.0 184.0 104.0 his
7292.0 5940.0 480.0 124.0 triumph
7904.0 5968.0 284.0 80.0 was
8328.0 5948.0 160.0 100.0 de

9336.0 5340.0 112.0 72.0 -r
9580.0 5336.0 48.0 84.0 4

8664.0 5872.0 468.0 104.0 Senator
9216.0 5868.0 384.0 108.0 Glass

6968.0 6108.0 380.0 108.0 cisive.
7512.0 6104.0 372.0 108.0 There
8004.0 6136.0 288.0 76.0 was
8412.0 6136.0 148.0 76.0 no
8660.0 6100.0 460.0 112.0 demand
9228.0 6104.0 208.0 104.0 for
9560.0 6128.0 72.0 76.0 a

6972.0 6272.0 208.0 108.0 roll
7260.0 6272.0 200.0 108.0 call
7532.0 6296.0 136.0 76.0 on
7752.0 6272.0 208.0 104.0 the
8048.0 6276.0 320.0 100.0 filial
8460.0 6288.0 288.0 112.0 vote,
8816.0 6276.0 172.0 104.0 for
9060.0 6268.0 204.0 108.0 the
9352.0 6272.0 280.0 100.0 fate

6968.0 6452.0 228.0 96.0 met
7264.0 6436.0 124.0 124.0 by
7460.0 6436.0 184.0 104.0 the
7708.0 6464.0 696.0 100.0 proposers
8472.0 6448.0 128.0 100.0 of
8644.0 6440.0 436.0 108.0 various
9124.0 6432.0 464.0 112.0 amend-

6968.0 6616.0 368.0 96.0 ments
7400.0 6604.0 452.0 108.0 showed
7940.0 6612.0 276.0 104.0 this
8300.0 6612.0 628.0 124.0 procedure
8996.0 6604.0 408.0 112.0 would
9480.0 6604.0 160.0 108.0 be

6964.0 6776.0 364.0 108.0 futile.
7488.0 6776.0 500.0 104.0 Senator
8092.0 6776.0 192.0 108.0 La
8392.0 6780.0 484.0 104.0 Follette
8956.0 6772.0 448.0 128.0 sought
9508.0 6780.0 128.0 100.0 to

6960.0 6944.0 364.0 104.0 strike
7396.0 6956.0 184.0 96.0 out
7660.0 6968.0 64.0 80.0 a
7812.0 6948.0 672.0 124.0 provision
8564.0 6944.0 652.0 132.0 permitting
9304.0 6968.0 284.0 76.0 com-

6964.0 7112.0 452.0 108.0 mercial
7496.0 7108.0 368.0 112.0 banks
7948.0 7120.0 136.0 104.0 to
8184.0 7116.0 716.0 108.0 underwrite
8972.0 7108.0 668.0 112.0 securities

6964.0 7288.0 228.0 104.0 and
7272.0 7280.0 164.0 108.0 his
7508.0 7292.0 560.0 120.0 proposal
8168.0 7312.0 276.0 84.0 was
8520.0 7284.0 428.0 128.0 beaten,
9016.0 7280.0 136.0 108.0 39
9236.0 7284.0 136.0 104.0 to
9448.0 7276.0 188.0 108.0 22.

6972.0 7456.0 472.0 104.0 Seuator
7524.0 7452.0 436.0 108.0 Gerald
8060.0 7460.0 300.0 124.0 Nye
8452.0 7460.0 124.0 104.0 of
8656.0 7448.0 340.0 116.0 North
9084.0 7444.0 552.0 128.0 Dakota,

6964.0 7620.0 476.0 108.0 another
7500.0 7620.0 448.0 108.0 radical
8028.0 7624.0 796.0 128.0 Republican,
8880.0 7616.0 452.0 112.0 offered
9416.0 7616.0 224.0 112.0 the

6968.0 7788.0 432.0 112.0 central
7492.0 7788.0 288.0 108.0 bauk
7884.0 7792.0 316.0 128.0 plan
8308.0 7796.0 144.0 104.0 of
8540.0 7796.0 260.0 104.0 Rev.
8884.0 7784.0 508.0 112.0 Charles
9496.0 7780.0 140.0 112.0 E.

6968.0 7956.0 576.0 128.0 Coughlin,
7608.0 7960.0 340.0 112.0 radio
8024.0 7964.0 464.0 128.0 priest,
8552.0 7952.0 348.0 112.0 which
8960.0 7952.0 404.0 112.0 would
9436.0 7960.0 204.0 100.0 set

6972.0 8152.0 152.0 100.0 up
7228.0 8152.0 64.0 80.0 a
7396.0 8140.0 796.0 112.0 government
8320.0 8128.0 404.0 108.0 owned
8828.0 8124.0 216.0 108.0 and
9160.0 8120.0 476.0 132.0 wholly

6964.0 8292.0 636.0 112.0 dominated
7668.0 8312.0 520.0 112.0 system.
8348.0 8296.0 116.0 112.0 It
8532.0 8320.0 228.0 84.0 was
8820.0 8296.0 328.0 112.0 voted
9220.0 8296.0 420.0 120.0 down,

6960.0 8464.0 140.0 108.0 59
7168.0 8472.0 116.0 100.0 to
7340.0 8460.0 152.0 112.0 10.

7100.0 8648.0 348.0 108.0 Other
7516.0 8652.0 884.0 112.0 amendments
8484.0 8676.0 288.0 84.0 were
8840.0 8644.0 448.0 112.0 offered
9376.0 8648.0 260.0 108.0 and

6956.0 8812.0 476.0 120.0 debated
7496.0 8816.0 404.0 108.0 rather
7968.0 8820.0 668.0 128.0 listlessly,
8692.0 8816.0 172.0 108.0 for
8904.0 8816.0 196.0 108.0 the
9140.0 8812.0 500.0 132.0 record,

6952.0 8988.0 232.0 108.0 and
7260.0 8984.0 256.0 108.0 then
7596.0 9008.0 312.0 84.0 were
8004.0 8988.0 768.0 108.0 withdrawn.
8912.0 8980.0 328.0 112.0 Even
9336.0 8988.0 260.0 112.0 Sen-

6956.0 9168.0 264.0 100.0 ator
7316.0 9152.0 468.0 112.0 Duncan
7908.0 9156.0 152.0 112.0 U.
8188.0 9156.0 568.0 112.0 Fletcher
8852.0 9156.0 124.0 108.0 of
9076.0 9156.0 564.0 124.0 Florida,

6960.0 9324.0 576.0 112.0 chairman
7604.0 9324.0 128.0 108.0 of
7804.0 9324.0 224.0 116.0 the
8112.0 9324.0 560.0 136.0 banking
8732.0 9324.0 220.0 112.0 and
9020.0 9348.0 620.0 104.0 currency

6956.0 9492.0 668.0 128.0 committee,
7712.0 9496.0 280.0 108.0 who
8080.0 9496.0 276.0 112.0 had
8440.0 9496.0 316.0 112.0 sided
8828.0 9496.0 408.0 108.0 rather
9316.0 9496.0 320.0 104.0 with

6960.0 9660.0 424.0 132.0 Eccles,
7492.0 9660.0 552.0 116.0 declined
8180.0 9672.0 140.0 108.0 to
8440.0 9664.0 292.0 132.0 push
8836.0 9660.0 176.0 112.0 his
9124.0 9664.0 472.0 112.0 amend-

6960.0 9836.0 368.0 104.0 ments
7404.0 9828.0 564.0 132.0 designed
8064.0 9840.0 148.0 104.0 to
8304.0 9832.0 448.0 136.0 cripple
8824.0 9832.0 376.0 112.0 Glass'
9288.0 9836.0 352.0 128.0 plan.

7100.0 10000.0 236.0 108.0 The
7416.0 10012.0 400.0 96.0 senate
7912.0 10004.0 244.0 108.0 bill
8260.0 10032.0 264.0 84.0 was
8608.0 10008.0 244.0 104.0 sent
8932.0 10012.0 120.0 100.0 to
9136.0 10004.0 464.0 112.0 confer-

6952.0 10196.0 316.0 104.0 ence,
7352.0 10168.0 176.0 112.0 for
7612.0 10172.0 200.0 108.0 the
7912.0 10172.0 428.0 108.0 house
8444.0 10172.0 404.0 136.0 passed
8936.0 10172.0 200.0 108.0 the
9232.0 10196.0 368.0 84.0 meas-

6956.0 10364.0 212.0 84.0 ure
7244.0 10340.0 376.0 112.0 drawn
7700.0 10364.0 160.0 108.0 up
7944.0 10368.0 180.0 84.0 on
8220.0 10340.0 228.0 112.0 the
8516.0 10344.0 388.0 112.0 advice
8972.0 10340.0 132.0 116.0 of
9176.0 10340.0 468.0 112.0 Eccles

6956.0 10508.0 232.0 112.0 and
7268.0 10508.0 532.0 128.0 TugwelL

6980.0 10928.0 700.0 124.0 DARTIAL
7780.0 10936.0 916.0 132.0 Investigation
8792.0 10936.0 124.0 108.0 of
9012.0 10932.0 212.0 116.0 the
9340.0 10928.0 320.0 112.0 milk

7212.0 11104.0 512.0 132.0 industry
7804.0 11104.0 164.0 132.0 by
8060.0 11108.0 240.0 108.0 the
8384.0 11108.0 440.0 108.0 federal
8896.0 11104.0 344.0 108.0 trade
9328.0 11128.0 292.0 84.0 com-

6964.0 11276.0 464.0 112.0 mission
7504.0 11300.0 240.0 84.0 was
7824.0 11276.0 300.0 112.0 said
8220.0 11284.0 140.0 104.0 to
8440.0 11276.0 292.0 108.0 have
8804.0 11268.0 560.0 116.0 revealed
9456.0 11272.0 164.0 108.0 de-

6964.0 11440.0 504.0 140.0 plorable
7572.0 11444.0 736.0 112.0 conditions
8432.0 11444.0 224.0 112.0 and
8760.0 11444.0 188.0 108.0 the
9052.0 11440.0 564.0 108.0 adminis-

6972.0 11616.0 420.0 112.0 tration
7472.0 11616.0 364.0 108.0 asked
7928.0 11616.0 232.0 108.0 for
8252.0 11616.0 528.0 128.0 $200,000
8856.0 11624.0 116.0 104.0 to
9052.0 11612.0 612.0 112.0 continue

6968.0 11788.0 204.0 112.0 the
7244.0 11784.0 472.0 132.0 inquiry.
7876.0 11784.0 296.0 112.0 The
8260.0 11792.0 420.0 104.0 senate
8756.0 11780.0 688.0 116.0 committee
9528.0 11780.0 132.0 104.0 in

6972.0 11952.0 704.0 132.0 considering
7808.0 11956.0 228.0 108.0 the
8184.0 11956.0 636.0 128.0 deficiency
8932.0 11948.0 680.0 136.0 appropria-

6976.0 12124.0 240.0 112.0 tion
7300.0 12120.0 188.0 112.0 bill
7572.0 12136.0 200.0 100.0 cut
7860.0 12136.0 240.0 104.0 out
8204.0 12128.0 288.0 112.0 that
8576.0 12124.0 252.0 108.0 item
8916.0 12120.0 744.0 128.0 altogether,

6972.0 12296.0 208.0 112.0 but
7236.0 12292.0 316.0 112.0 when
7616.0 12292.0 212.0 112.0 the
7892.0 12320.0 620.0 84.0 measure
8572.0 12320.0 300.0 84.0 came
8928.0 12288.0 440.0 112.0 before
9444.0 12292.0 216.0 104.0 the

6976.0 12468.0 388.0 108.0 senate
7452.0 12464.0 352.0 132.0 Duffy
7916.0 12464.0 156.0 108.0 of
8188.0 12464.0 656.0 112.0 Wisconsin
8936.0 12460.0 448.0 112.0 moved
9496.0 12484.0 160.0 84.0 an

6972.0 12632.0 712.0 116.0 amendment
7748.0 12632.0 504.0 136.0 adding
8320.0 12632.0 208.0 116.0 the
8584.0 12660.0 232.0 84.0 sum
8876.0 12632.0 416.0 108.0 asked.
9380.0 12632.0 240.0 108.0 Aft-

6972.0 12832.0 128.0 84.0 er
7156.0 12832.0 68.0 84.0 a
7284.0 12800.0 188.0 112.0 hot
7528.0 12800.0 444.0 112.0 debate
8044.0 12804.0 280.0 108.0 this
8388.0 12832.0 240.0 80.0 was
8688.0 12800.0 588.0 132.0 approved
9344.0 12800.0 172.0 128.0 by
9584.0 12824.0 72.0 84.0 a

6976.0 12984.0 260.0 100.0 vote
7304.0 12972.0 116.0 108.0 of
7484.0 12972.0 128.0 112.0 51
7688.0 12976.0 128.0 108.0 to
7896.0 12968.0 160.0 116.0 18
8140.0 12972.0 264.0 112.0 and
8480.0 12972.0 192.0 112.0 the
8740.0 12968.0 188.0 112.0 bill
9000.0 12996.0 264.0 84.0 was
9348.0 12972.0 308.0 108.0 then

6972.0 13140.0 436.0 136.0 passed.
7548.0 13140.0 252.0 112.0 The
7888.0 13168.0 700.0 84.0 numerous
8668.0 13148.0 392.0 104.0 senate
9144.0 13140.0 472.0 112.0 amend-

6976.0 13320.0 368.0 100.0 ments
7412.0 13312.0 216.0 108.0 had
7704.0 13312.0 428.0 108.0 added
8212.0 13340.0 84.0 80.0 a
8380.0 13312.0 284.0 112.0 total
8736.0 13308.0 116.0 112.0 of
8920.0 13336.0 336.0 84.0 more
9340.0 13312.0 320.0 112.0 than

6972.0 13476.0 664.0 128.0 $SO,000,000
7740.0 13488.0 128.0 104.0 to
7996.0 13480.0 236.0 112.0 the
8348.0 13480.0 360.0 112.0 house
8800.0 13504.0 600.0 104.0 measure,
9520.0 13508.0 140.0 84.0 so

6976.0 13648.0 192.0 112.0 the
7252.0 13648.0 776.0 132.0 $306,000,000
8140.0 13648.0 232.0 112.0 bill
8464.0 13680.0 236.0 80.0 was
8784.0 13660.0 252.0 104.0 sent
9132.0 13656.0 140.0 108.0 to
9376.0 13676.0 240.0 88.0 con-

6972.0 13820.0 480.0 108.0 ference.
6976.0 14244.0 636.0 252.0 WHAT
7776.0 14276.0 288.0 84.0 was
8256.0 14256.0 132.0 108.0 In
8556.0 14256.0 188.0 112.0 the
8892.0 14260.0 336.0 128.0 cigar
9416.0 14248.0 240.0 112.0 box

7320.0 14424.0 540.0 128.0 wrapped
7976.0 14424.0 144.0 108.0 In
8236.0 14448.0 80.0 84.0 a
8420.0 14424.0 740.0 132.0 newspaper?
9324.0 14424.0 336.0 112.0 That

6980.0 14596.0 100.0 108.0 is
7144.0 14592.0 296.0 112.0 what
7504.0 14588.0 528.0 112.0 Senator
8116.0 14592.0 376.0 128.0 Hugo
8560.0 14596.0 372.0 124.0 Black,
9000.0 14596.0 660.0 112.0 chairman

6980.0 14756.0 128.0 112.0 of
7188.0 14760.0 192.0 108.0 the
7460.0 14764.0 424.0 104.0 senate
7988.0 14760.0 400.0 132.0 lobby
8484.0 14764.0 676.0 128.0 committee,
9268.0 14768.0 356.0 104.0 want-

7004.0 15024.0 100.0 28.0 -
8092.0 14928.0 168.0 108.0 ed
8428.0 14940.0 116.0 104.0 t0
8680.0 14928.0 352.0 116.0 know.
9192.0 14928.0 480.0 112.0 Before

8096.0 15100.0 236.0 108.0 the
8524.0 15104.0 644.0 112.0 committee
9388.0 15104.0 284.0 112.0 for

8096.0 15272.0 756.0 132.0 questioning
8956.0 15300.0 252.0 80.0 was
9324.0 15272.0 344.0 112.0 John

8100.0 15444.0 196.0 104.0 W.
8396.0 15444.0 612.0 128.0 Carpenter
9092.0 15444.0 140.0 108.0 of
9324.0 15444.0 308.0 108.0 Dall-

8100.0 15636.0 188.0 100.0 as,
8440.0 15612.0 568.0 128.0 president
9148.0 15612.0 148.0 108.0 of
9456.0 15612.0 216.0 112.0 the

8096.0 15780.0 420.0 112.0 Texas
8648.0 15784.0 532.0 108.0 Power
9340.0 15784.0 328.0 112.0 and

8096.0 15948.0 380.0 132.0 Light
8516.0 15980.0 572.0 104.0 company.
9212.0 15952.0 208.0 112.0 He
9468.0 15956.0 164.0 108.0 ad-

8096.0 16124.0 444.0 108.0 mitted
8640.0 16124.0 352.0 128.0 freely
9104.0 16124.0 296.0 112.0 that
9520.0 16124.0 152.0 108.0 he

8096.0 16292.0 264.0 108.0 and
8460.0 16292.0 312.0 108.0 other
8860.0 16292.0 412.0 128.0 utility
9384.0 16320.0 284.0 80.0 men

8100.0 16460.0 260.0 112.0 had
8448.0 16464.0 292.0 108.0 hotel
8824.0 16464.0 848.0 128.0 conferences,

8100.0 16636.0 504.0 104.0 dinners
8752.0 16632.0 224.0 108.0 and
9148.0 16656.0 76.0 84.0 a
9416.0 16632.0 256.0 132.0 trip

8100.0 16804.0 368.0 104.0 down
8560.0 16800.0 764.0 132.0 Chesapeake
9432.0 16800.0 240.0 132.0 bay

8100.0 16972.0 316.0 104.0 with
8488.0 16996.0 812.0 100.0 congressmen
9392.0 16972.0 244.0 108.0 dur-

8100.0 17140.0 228.0 128.0 ing
8420.0 17140.0 192.0 112.0 the
8692.0 17140.0 272.0 132.0 fight
9048.0 17164.0 312.0 84.0 over
9456.0 17140.0 220.0 112.0 the

7008.0 17072.0 468.0 108.0 Senator
7552.0 17072.0 380.0 108.0 Black

6988.0 17308.0 1160.0 128.0 Wheeler-Rayburn
8324.0 17312.0 232.0 124.0 bill,
8696.0 17308.0 212.0 108.0 and
9060.0 17308.0 292.0 112.0 that
9516.0 17312.0 156.0 104.0 he

6980.0 17480.0 452.0 108.0 himself
7544.0 17480.0 236.0 112.0 had
7920.0 17480.0 608.0 108.0 centered
8640.0 17480.0 172.0 108.0 his
8924.0 17456.0 492.0 132.0 efforts'
9512.0 17504.0 156.0 80.0 on

6980.0 17652.0 364.0 104.0 Texas
7428.0 17672.0 940.0 108.0 congressmen.
8512.0 17644.0 220.0 116.0 But
8812.0 17648.0 124.0 108.0 of
9024.0 17648.0 216.0 108.0 the
9348.0 17672.0 284.0 104.0 mys-

6988.0 17820.0 416.0 108.0 terious
7512.0 17816.0 228.0 112.0 box
7876.0 17816.0 180.0 112.0 he
8196.0 17816.0 356.0 112.0 could
8664.0 17840.0 124.0 84.0 or
8896.0 17816.0 408.0 108.0 would
9448.0 17816.0 220.0 112.0 tell

6988.0 17984.0 488.0 132.0 nothing.
7616.0 17984.0 412.0 112.0 Black
8200.0 17984.0 436.0 132.0 probed
8772.0 17988.0 224.0 108.0 and
9148.0 17984.0 524.0 132.0 probed,

6988.0 18152.0 220.0 108.0 and
7300.0 18152.0 384.0 132.0 finally
7784.0 18152.0 500.0 108.0 asked:

7128.0 18340.0 228.0 104.0 "Do
7432.0 18368.0 212.0 104.0 you
7740.0 18344.0 288.0 104.0 still
8128.0 18368.0 232.0 100.0 say
8444.0 18344.0 244.0 108.0 that
8764.0 18344.0 112.0 104.0 in
8956.0 18344.0 216.0 108.0 the
9264.0 18372.0 360.0 80.0 morn-

6996.0 18512.0 192.0 124.0 ing
7260.0 18508.0 176.0 120.0 (of
7496.0 18512.0 200.0 108.0 the
7768.0 18512.0 260.0 124.0 day
8116.0 18508.0 432.0 112.0 before
8608.0 18512.0 184.0 104.0 the
8856.0 18520.0 272.0 100.0 vote
9208.0 18540.0 168.0 80.0 on
9460.0 18516.0 212.0 108.0 the

6996.0 18676.0 464.0 108.0 utilities
7616.0 18676.0 212.0 108.0 bill
8020.0 18676.0 432.0 108.0 'death
8604.0 18680.0 632.0 124.0 sentence')
9432.0 18712.0 236.0 100.0 you

7000.0 18844.0 344.0 112.0 didn't
7484.0 18848.0 264.0 128.0 give
7924.0 18868.0 84.0 84.0 a
8196.0 18872.0 812.0 100.0 congressman
9176.0 18876.0 80.0 84.0 a
9440.0 18852.0 232.0 108.0 box

6996.0 19016.0 516.0 128.0 wrapped
7596.0 19040.0 156.0 104.0 up
7840.0 19016.0 140.0 104.0 in
8080.0 19036.0 84.0 88.0 a
8252.0 19012.0 804.0 132.0 newspaper?"

7128.0 19216.0 628.0 136.0 Carpenter
7856.0 19224.0 512.0 124.0 replied
8460.0 19224.0 476.0 128.0 quietly:
9088.0 19224.0 140.0 108.0 "I
9336.0 19228.0 340.0 108.0 don't

7004.0 19388.0 312.0 112.0 think
7412.0 19392.0 48.0 104.0 I
7556.0 19388.0 236.0 124.0 did,
7908.0 19392.0 464.0 108.0 unless
8468.0 19396.0 88.0 104.0 It
8652.0 19416.0 224.0 84.0 was
8972.0 19420.0 68.0 80.0 a
9148.0 19392.0 264.0 112.0 few
9524.0 19400.0 108.0 108.0 ci-

6996.0 19556.0 348.0 132.0 gars."
7136.0 19744.0 404.0 112.0 Senate
7632.0 19744.0 248.0 112.0 and
7992.0 19744.0 412.0 108.0 house
8496.0 19748.0 584.0 108.0 conferees
9184.0 19756.0 272.0 108.0 met
9552.0 19752.0 128.0 108.0 to

7000.0 19916.0 504.0 108.0 consider
7616.0 19912.0 216.0 108.0 the
7964.0 19912.0 448.0 124.0 utility
8524.0 19916.0 416.0 108.0 control
9060.0 19916.0 272.0 124.0 bill,
9460.0 19920.0 216.0 108.0 but

7004.0 20080.0 308.0 108.0 there
7380.0 20108.0 300.0 80.0 were
7752.0 20080.0 404.0 104.0 small
8236.0 20080.0 328.0 124.0 signs
8632.0 20084.0 236.0 104.0 that
8936.0 20084.0 296.0 132.0 they
9312.0 20088.0 368.0 108.0 could

7004.0 20260.0 184.0 120.0 get
7292.0 20252.0 568.0 124.0 together,
8000.0 20248.0 268.0 108.0 and
8384.0 20276.0 212.0 80.0 one
8700.0 20256.0 444.0 104.0 session
9276.0 20256.0 404.0 108.0 ended

7004.0 20416.0 512.0 132.0 abruptly
7612.0 20420.0 124.0 104.0 in
7844.0 20444.0 84.0 80.0 a
8044.0 20416.0 280.0 108.0 real
8428.0 20444.0 248.0 80.0 row.
8820.0 20420.0 276.0 108.0 Two
9208.0 20428.0 432.0 104.0 admin-

7008.0 20588.0 512.0 104.0 istration
7664.0 20580.0 688.0 132.0 lobbyists,
8500.0 20584.0 592.0 128.0 Benjamin
9256.0 20588.0 424.0 112.0 Cohen

7008.0 20752.0 216.0 108.0 and
7300.0 20752.0 408.0 108.0 Dozier
7796.0 20760.0 152.0 104.0 A.
8048.0 20752.0 204.0 108.0 De
8340.0 20752.0 332.0 128.0 Vane,
8748.0 20784.0 304.0 84.0 were
9136.0 20756.0 552.0 136.0 brought

7008.0 20924.0 232.0 104.0 into
7312.0 20924.0 184.0 108.0 the
7572.0 20924.0 684.0 104.0 executive
8340.0 20924.0 424.0 108.0 session
8844.0 20924.0 140.0 128.0 by
9072.0 20924.0 616.0 116.0 Senators

7004.0 21088.0 508.0 108.0 Wheeler
7576.0 21092.0 244.0 108.0 and
7912.0 21092.0 560.0 132.0 liarkley
8544.0 21092.0 208.0 108.0 and
8824.0 21096.0 464.0 128.0 though
9380.0 21100.0 268.0 128.0 Rep-

7008.0 21256.0 684.0 112.0 resentative
7856.0 21260.0 516.0 128.0 George
8516.0 21260.0 736.0 112.0 Huddleston
9428.0 21296.0 220.0 108.0 pro-

7008.0 21428.0 388.0 124.0 tested,
7508.0 21428.0 320.0 108.0 their
7960.0 21428.0 660.0 108.0 continued
8728.0 21460.0 580.0 100.0 presence
9440.0 21464.0 248.0 80.0 was

7008.0 21592.0 464.0 112.0 insisted
7604.0 21620.0 380.0 104.0 upon.
8164.0 21596.0 716.0 128.0 Whereupon
9016.0 21604.0 224.0 108.0 the
9392.0 21608.0 296.0 128.0 fiery

7012.0 21760.0 532.0 112.0 Alabama
7628.0 21788.0 904.0 104.0 congressman
8612.0 21768.0 216.0 108.0 and
8912.0 21768.0 188.0 108.0 his
9192.0 21772.0 500.0 108.0 fellows

7012.0 21928.0 280.0 108.0 from
7372.0 21932.0 192.0 112.0 the
7644.0 21928.0 420.0 112.0 house
8156.0 21936.0 456.0 108.0 walked
8688.0 21944.0 192.0 100.0 out
8960.0 21940.0 252.0 108.0 and
9304.0 21940.0 388.0 116.0 broke

7016.0 22120.0 140.0 100.0 up
7268.0 22096.0 184.0 112.0 the
7564.0 22100.0 612.0 128.0 meeting.
8336.0 22100.0 368.0 108.0 Cohen
8820.0 22108.0 100.0 108.0 is
9036.0 22116.0 652.0 128.0 generally

7016.0 22264.0 312.0 128.0 given
7428.0 22268.0 380.0 104.0 credit
7924.0 22268.0 228.0 104.0 for
8260.0 22272.0 452.0 128.0 writing
8804.0 22276.0 192.0 108.0 the
9104.0 22304.0 584.0 84.0 measure

7020.0 22432.0 212.0 104.0 and
7336.0 22432.0 548.0 108.0 Wheeelr
8012.0 22436.0 252.0 108.0 has
8376.0 22440.0 240.0 104.0 said
8716.0 22440.0 136.0 108.0 be
8960.0 22444.0 452.0 112.0 knows
9524.0 22452.0 156.0 108.0 all

7020.0 22596.0 328.0 116.0 about
7444.0 22604.0 124.0 104.0 it.

7152.0 22784.0 320.0 108.0 After
7576.0 22784.0 524.0 128.0 leaving
8228.0 22788.0 204.0 108.0 the
8536.0 22796.0 652.0 108.0 committee
9312.0 22828.0 376.0 92.0 room.

7024.0 22952.0 700.0 108.0 Huddleston
7836.0 22956.0 300.0 104.0 said
8244.0 22956.0 320.0 132.0 flatly
8652.0 22960.0 240.0 112.0 that
8980.0 22968.0 220.0 108.0 the
9304.0 22968.0 388.0 112.0 house

7020.0 23120.0 576.0 112.0 conferees
7696.0 23124.0 444.0 104.0 would
8256.0 23132.0 204.0 104.0 not
8548.0 23132.0 388.0 108.0 recede
9032.0 23132.0 344.0 112.0 from
9484.0 23144.0 208.0 108.0 the

7024.0 23288.0 468.0 132.0 position
7640.0 23292.0 292.0 108.0 that
8112.0 23292.0 220.0 108.0 the
8472.0 23292.0 392.0 116.0 "death
9016.0 23308.0 680.0 112.0 sentence"

7024.0 23464.0 288.0 108.0 must
7388.0 23456.0 132.0 112.0 be
7604.0 23460.0 792.0 108.0 eliminated.

7032.0 23836.0 524.0 248.0 GRAY
7732.0 23840.0 648.0 124.0 SILVER,
8536.0 23840.0 236.0 112.0 who
8920.0 23852.0 772.0 128.0 throughout

7328.0 24024.0 292.0 92.0 most
7688.0 24004.0 140.0 108.0 of
7912.0 24004.0 224.0 104.0 his
8216.0 24004.0 216.0 116.0 life
8500.0 24036.0 224.0 84.0 was
8784.0 24016.0 408.0 108.0 active
9268.0 24024.0 136.0 104.0 in
9488.0 24024.0 204.0 104.0 the

7024.0 24180.0 524.0 104.0 interests
7608.0 24176.0 140.0 108.0 of
7816.0 24172.0 800.0 128.0 agriculture,
8676.0 24176.0 252.0 108.0 died
8992.0 24184.0 364.0 124.0 quite
9424.0 24192.0 224.0 112.0 sud

7028.0 24344.0 320.0 132.0 denly
7424.0 24352.0 124.0 104.0 at
7624.0 24340.0 196.0 112.0 his
7920.0 24344.0 384.0 100.0 home
8380.0 24340.0 116.0 108.0 in
8568.0 24340.0 860.0 144.0 Martinsburg,
9520.0 24356.0 168.0 104.0 W.

7032.0 24512.0 220.0 124.0 Va.,
7364.0 24520.0 120.0 100.0 at
7604.0 24508.0 212.0 108.0 the
7964.0 24532.0 252.0 100.0 age
8344.0 24512.0 124.0 104.0 of
8572.0 24512.0 580.0 128.0 sixty-five
9292.0 24548.0 396.0 104.0 years.

7032.0 24684.0 416.0 120.0 Among
7536.0 24676.0 212.0 112.0 the
7848.0 24672.0 452.0 104.0 offices
8388.0 24672.0 140.0 104.0 he
8612.0 24676.0 244.0 108.0 held
8948.0 24688.0 136.0 100.0 at
9184.0 24688.0 508.0 108.0 various

7028.0 24848.0 316.0 108.0 times
7460.0 24868.0 320.0 80.0 were
7916.0 24840.0 632.0 128.0 president
8660.0 24844.0 120.0 108.0 of
8892.0 24848.0 208.0 108.0 the
9236.0 24848.0 456.0 116.0 United

7032.0 25012.0 368.0 112.0 States
7516.0 25008.0 396.0 108.0 Grain
8068.0 25004.0 472.0 112.0 Market
8656.0 25020.0 780.0 120.0 corporation
9572.0 25024.0 128.0 108.0 of

7028.0 25176.0 540.0 132.0 Chicago;
7720.0 25168.0 676.0 136.0 president
8548.0 25168.0 116.0 112.0 of
8812.0 25184.0 200.0 108.0 the
9196.0 25180.0 496.0 116.0 Inwood

7028.0 25348.0 308.0 112.0 Fruit
7456.0 25340.0 636.0 112.0 Growers'
8232.0 25348.0 756.0 124.0 co-operative
9120.0 25376.0 532.0 104.0 corpora-

7032.0 25516.0 288.0 128.0 tion;
7408.0 25508.0 656.0 136.0 president
8180.0 25504.0 544.0 132.0 Berkeley
8828.0 25512.0 348.0 112.0 Fruit
9292.0 25524.0 356.0 100.0 Grow-

7028.0 25708.0 240.0 100.0 ers;
7344.0 25676.0 288.0 116.0 head
7724.0 25672.0 148.0 112.0 of
7968.0 25672.0 228.0 112.0 the
8288.0 25672.0 484.0 108.0 Easters'
8844.0 25676.0 436.0 112.0 Credit
9372.0 25712.0 288.0 80.0 asso

7028.0 25852.0 468.0 124.0 ciation;
7624.0 25844.0 580.0 108.0 director
8340.0 25840.0 396.0 112.0 United
8856.0 25840.0 592.0 116.0 Growers
9576.0 25856.0 124.0 104.0 of

7032.0 26020.0 532.0 120.0 America,
7644.0 26004.0 340.0 116.0 bead
8072.0 26008.0 152.0 108.0 of
8292.0 26004.0 192.0 112.0 the
8552.0 26008.0 652.0 112.0 Federated
9292.0 26016.0 360.0 104.0 Grow-

7028.0 26212.0 176.0 84.0 ers
7272.0 26180.0 380.0 112.0 Credit
7748.0 26172.0 836.0 124.0 association;
8660.0 26180.0 516.0 104.0 member
9268.0 26180.0 148.0 108.0 of
9500.0 26180.0 196.0 108.0 the

7032.0 26348.0 512.0 112.0 National
7716.0 26340.0 532.0 104.0 Bureau
8404.0 26344.0 124.0 100.0 of
8668.0 26340.0 652.0 112.0 Economic
9496.0 26348.0 164.0 104.0 Re-

7032.0 26516.0 416.0 116.0 search,
7524.0 26504.0 576.0 112.0 member
8184.0 26504.0 136.0 104.0 of
8392.0 26504.0 184.0 108.0 the
8648.0 26508.0 776.0 104.0 commission
9508.0 26536.0 152.0 104.0 ap-

7028.0 26676.0 440.0 140.0 pointed
7596.0 26676.0 152.0 120.0 by
7900.0 26668.0 644.0 108.0 President
8652.0 26668.0 272.0 108.0 Taft
9060.0 26680.0 136.0 96.0 to
9340.0 26680.0 340.0 124.0 stud.v

7040.0 26852.0 296.0 104.0 tariff
7444.0 26840.0 620.0 108.0 relations
8188.0 26848.0 124.0 92.0 to
8416.0 26832.0 184.0 104.0 the
8688.0 26836.0 276.0 104.0 wool
9084.0 26832.0 612.0 140.0 Industry,

7040.0 27016.0 472.0 104.0 member
7580.0 27008.0 136.0 104.0 of
7796.0 27000.0 232.0 108.0 the
8116.0 26996.0 312.0 104.0 farm
8496.0 26996.0 412.0 108.0 bureau
8988.0 27000.0 704.0 112.0 federation

7036.0 27184.0 448.0 120.0 visiting
7584.0 27172.0 524.0 120.0 Europe
8220.0 27164.0 120.0 108.0 in
8440.0 27160.0 276.0 120.0 1021,
8816.0 27160.0 224.0 112.0 and
9156.0 27192.0 76.0 80.0 a
9352.0 27196.0 300.0 84.0 mem-

7036.0 27348.0 188.0 104.0 ber
7336.0 27336.0 120.0 112.0 of
7580.0 27340.0 212.0 104.0 the
7944.0 27328.0 748.0 108.0 commission
8820.0 27332.0 880.0 136.0 investigating

7036.0 27508.0 484.0 104.0 national
7644.0 27500.0 1020.0 120.0 unemployment.

9640.0 896.0 768.0 160.0 RECORD

9828.0 1320.0 940.0 248.0 IMMEDIATE
10972.0 1312.0 764.0 120.0 convocation
11940.0 1300.0 144.0 108.0 of
12280.0 1296.0 196.0 108.0 the

9992.0 1492.0 452.0 132.0 League
10556.0 1492.0 144.0 108.0 of
10808.0 1484.0 508.0 116.0 Nations
11408.0 1472.0 468.0 116.0 council
11984.0 1476.0 128.0 104.0 to
12216.0 1464.0 256.0 108.0 deal

9816.0 1660.0 268.0 112.0 with
10176.0 1660.0 196.0 108.0 the
10464.0 1652.0 1016.0 128.0 Italo-Ethioplan
11568.0 1640.0 572.0 132.0 question
12232.0 1656.0 244.0 88.0 was

9820.0 1828.0 628.0 108.0 demanded
10544.0 1828.0 160.0 128.0 by
10804.0 1820.0 400.0 112.0 Haille
11292.0 1808.0 552.0 128.0 Selassie,
11936.0 1824.0 544.0 112.0 emperor

9820.0 1996.0 124.0 112.0 of
10084.0 1992.0 592.0 132.0 Etpiopia.
10844.0 1988.0 184.0 112.0 On
11180.0 1984.0 180.0 108.0 his

9820.0 2164.0 388.0 108.0 behalf
10412.0 2160.0 220.0 108.0 the
10856.0 2148.0 496.0 116.0 demand

9824.0 2352.0 228.0 84.0 was
10240.0 2324.0 804.0 132.0 telegraphed
11240.0 2320.0 112.0 104.0 to

9820.0 2496.0 192.0 108.0 the
10108.0 2496.0 416.0 128.0 league
10640.0 2496.0 712.0 104.0 secretariat

9820.0 2672.0 120.0 100.0 at
10068.0 2660.0 472.0 112.0 Geneva
10700.0 2656.0 152.0 132.0 by
11000.0 2652.0 352.0 112.0 Tacla

9824.0 2828.0 628.0 120.0 Hawarlat,
10708.0 2824.0 640.0 124.0 Ethiopian

9820.0 2996.0 512.0 104.0 minister
10548.0 3000.0 136.0 100.0 to
10908.0 2992.0 444.0 104.0 France

9820.0 3164.0 216.0 104.0 and
10180.0 3160.0 564.0 124.0 delegate
10896.0 3168.0 124.0 100.0 to
11160.0 3156.0 192.0 108.0 the

9820.0 3332.0 420.0 120.0 league.
10476.0 3328.0 200.0 108.0 He
10852.0 3320.0 492.0 116.0 Insisted

9812.0 3496.0 252.0 108.0 that
10176.0 3496.0 196.0 112.0 the
10492.0 3496.0 496.0 108.0 council
11108.0 3520.0 200.0 104.0 pro-

9816.0 3664.0 268.0 108.0 ceed
10188.0 3668.0 120.0 104.0 to
10420.0 3664.0 220.0 108.0 the
10760.0 3664.0 548.0 108.0 examina-

9820.0 3832.0 228.0 108.0 tion
10168.0 3828.0 128.0 108.0 of
10420.0 3828.0 216.0 112.0 the
10776.0 3832.0 572.0 108.0 situation

9812.0 4168.0 192.0 104.0 the
10140.0 4160.0 428.0 136.0 league
10732.0 4180.0 620.0 112.0 covenant,
11464.0 4092.0 588.0 236.0 EmPe;or
12132.0 4080.0 332.0 112.0 "aile

9816.0 4332.0 528.0 128.0 Ethiopia
10436.0 4332.0 608.0 132.0 Invoking
11124.0 4340.0 232.0 108.0 this
11692.0 4272.0 544.0 92.0 5eIassle

9808.0 4500.0 400.0 108.0 article
10304.0 4496.0 548.0 112.0 because
10952.0 4504.0 132.0 104.0 of
11176.0 4508.0 196.0 104.0 the
11464.0 4500.0 488.0 108.0 "threat
12056.0 4496.0 124.0 104.0 to
12272.0 4484.0 208.0 108.0 her

9808.0 4668.0 884.0 124.0 independence
10812.0 4672.0 316.0 104.0 from
11240.0 4664.0 408.0 132.0 Italy."

9948.0 4832.0 428.0 108.0 British
10464.0 4836.0 720.0 128.0 dispatches
11260.0 4840.0 252.0 108.0 said
11592.0 4836.0 412.0 108.0 Prime
12088.0 4824.0 352.0 108.0 Minis-

9812.0 5012.0 168.0 96.0 ter
10060.0 5004.0 488.0 124.0 Stanley
10628.0 5004.0 560.0 108.0 Baldwin
11260.0 5008.0 232.0 108.0 and
11568.0 5000.0 496.0 124.0 leading
12140.0 5016.0 300.0 84.0 mem-

9812.0 5168.0 256.0 112.0 bers
10164.0 5168.0 128.0 112.0 of
10392.0 5172.0 204.0 108.0 his
10708.0 5176.0 488.0 108.0 cabinet
11296.0 5200.0 304.0 80.0 were
11708.0 5164.0 552.0 112.0 believed
12364.0 5164.0 112.0 104.0 to

9808.0 5340.0 328.0 104.0 favor
10228.0 5340.0 228.0 108.0 full
10564.0 5340.0 448.0 132.0 league
11108.0 5352.0 420.0 116.0 action,
11628.0 5336.0 104.0 108.0 if
11836.0 5336.0 360.0 104.0 other
12292.0 5348.0 144.0 84.0 na-

9808.0 5508.0 296.0 108.0 tions
10184.0 5512.0 488.0 124.0 agreed,
10768.0 5536.0 144.0 84.0 as
10992.0 5536.0 64.0 80.0 a
11144.0 5512.0 224.0 104.0 last
11452.0 5512.0 396.0 104.0 resort
11936.0 5512.0 128.0 100.0 to
12148.0 5504.0 328.0 100.0 avert

9808.0 5676.0 188.0 108.0 the
10172.0 5676.0 740.0 112.0 threatened
11096.0 5680.0 496.0 108.0 conflict.
11752.0 5664.0 728.0 136.0 Diplomatic

9804.0 5852.0 528.0 116.0 quarters
10472.0 5844.0 124.0 104.0 in
10752.0 5848.0 480.0 104.0 London
11368.0 5840.0 368.0 108.0 heard
11880.0 5840.0 276.0 108.0 that
12288.0 5836.0 188.0 108.0 the

9808.0 6008.0 420.0 108.0 British
10308.0 6028.0 816.0 112.0 government
11200.0 6012.0 564.0 132.0 probably
11852.0 6008.0 400.0 108.0 would
12332.0 6004.0 104.0 108.0 al-

9808.0 6188.0 172.0 96.0 ter
10080.0 6176.0 148.0 108.0 Its
10336.0 6180.0 416.0 128.0 policy
10872.0 6184.0 232.0 108.0 and
11208.0 6184.0 420.0 132.0 permit
11740.0 6180.0 216.0 108.0 the
12064.0 6184.0 416.0 124.0 export

9804.0 6348.0 128.0 104.0 of
10032.0 6372.0 312.0 84.0 arms
10460.0 6356.0 136.0 104.0 to
10720.0 6352.0 592.0 132.0 Ethiopia.
11464.0 6352.0 256.0 104.0 The
11836.0 6344.0 648.0 132.0 emperor's

9812.0 6540.0 236.0 80.0 new
10128.0 6516.0 568.0 112.0 minister
10780.0 6524.0 372.0 124.0 there,
11224.0 6524.0 172.0 108.0 W.
11468.0 6520.0 124.0 112.0 C.
11676.0 6520.0 500.0 128.0 Martin,
12256.0 6516.0 220.0 108.0 had

9812.0 6708.0 64.0 80.0 a
9960.0 6680.0 716.0 116.0 conference
10772.0 6704.0 132.0 100.0 at
10992.0 6692.0 196.0 108.0 the
11268.0 6692.0 464.0 128.0 foreign
11832.0 6688.0 340.0 108.0 office
12260.0 6680.0 220.0 112.0 and

9812.0 6880.0 312.0 80.0 came
10224.0 6868.0 208.0 100.0 out
10548.0 6860.0 508.0 128.0 smiling
11156.0 6864.0 472.0 128.0 happily
11744.0 6860.0 224.0 108.0 but
12072.0 6860.0 412.0 124.0 saying

9812.0 7024.0 500.0 128.0 nothing.

9952.0 7188.0 696.0 136.0 Previously
10748.0 7200.0 224.0 112.0 Mr.
11056.0 7200.0 432.0 108.0 Martin
11580.0 7196.0 240.0 108.0 had
11912.0 7196.0 572.0 112.0 admitted

9816.0 7356.0 244.0 112.0 that
10164.0 7360.0 584.0 132.0 Ethiopia
10868.0 7392.0 248.0 84.0 was
11216.0 7368.0 328.0 108.0 short
11652.0 7372.0 216.0 100.0 Dot
11984.0 7364.0 280.0 132.0 only
12364.0 7360.0 124.0 108.0 of

9812.0 7552.0 300.0 80.0 arms
10212.0 7528.0 220.0 112.0 but
10548.0 7532.0 280.0 108.0 also
10936.0 7532.0 132.0 108.0 of
11168.0 7560.0 444.0 104.0 money.

10000.0 7876.0 68.0 108.0 f
10096.0 7876.0 284.0 112.0 OST
10452.0 7880.0 456.0 132.0 people
10984.0 7880.0 440.0 112.0 believe
11500.0 7884.0 268.0 108.0 that
11844.0 7880.0 632.0 116.0 concerted

9836.0 7996.0 232.0 120.0 "'l
10156.0 8044.0 416.0 112.0 action
10680.0 8052.0 160.0 132.0 by
10940.0 8048.0 804.0 112.0 Communists
11844.0 8052.0 640.0 128.0 anywhere

9812.0 8220.0 100.0 108.0 is
10020.0 8216.0 528.0 112.0 directed
10688.0 8216.0 320.0 112.0 from
11128.0 8216.0 540.0 112.0 Moscow.
11876.0 8216.0 396.0 116.0 There
12388.0 8212.0 100.0 112.0 Is

9812.0 8388.0 280.0 132.0 good
10172.0 8412.0 448.0 84.0 reason
10712.0 8388.0 204.0 108.0 for
10996.0 8388.0 196.0 112.0 the
11268.0 8384.0 372.0 112.0 belief
11720.0 8388.0 128.0 108.0 In
11928.0 8388.0 212.0 112.0 the
12216.0 8408.0 268.0 88.0 case

9808.0 8556.0 124.0 108.0 of
10020.0 8556.0 196.0 112.0 the
10312.0 8556.0 500.0 108.0 riotous
10900.0 8560.0 396.0 108.0 attack
11396.0 8584.0 148.0 84.0 on
11652.0 8556.0 220.0 112.0 the
11976.0 8556.0 504.0 112.0 German

9816.0 8724.0 344.0 132.0 Lloyd
10244.0 8724.0 328.0 108.0 liner
10656.0 8724.0 516.0 112.0 Bremen
11256.0 8748.0 132.0 92.0 as
11468.0 8728.0 228.0 104.0 she
11780.0 8728.0 204.0 128.0 lay
12072.0 8732.0 132.0 104.0 at
12284.0 8724.0 200.0 108.0 her

9812.0 8892.0 276.0 112.0 dock
10192.0 8892.0 120.0 112.0 in
10428.0 8888.0 316.0 116.0 New
10856.0 8892.0 348.0 116.0 York.
11380.0 8892.0 252.0 116.0 The
11740.0 8896.0 328.0 128.0 reds,
12176.0 8920.0 268.0 84.0 num-

9808.0 9064.0 396.0 128.0 bering
10264.0 9060.0 392.0 116.0 about
10720.0 9060.0 364.0 132.0 2,000,
11148.0 9064.0 400.0 112.0 forced
11620.0 9060.0 332.0 112.0 their
12020.0 9088.0 264.0 108.0 way
12348.0 9088.0 140.0 84.0 on

9812.0 9232.0 344.0 108.0 board
10292.0 9228.0 216.0 112.0 the
10664.0 9232.0 432.0 124.0 vessel,
11232.0 9240.0 256.0 108.0 tore
11624.0 9228.0 212.0 116.0 the
11980.0 9228.0 508.0 116.0 German

9816.0 9400.0 276.0 108.0 Nazi
10176.0 9400.0 244.0 128.0 flag
10512.0 9404.0 336.0 104.0 from
10940.0 9404.0 200.0 112.0 the
11224.0 9400.0 256.0 108.0 bow
11556.0 9404.0 252.0 108.0 and
11900.0 9400.0 420.0 116.0 tossed
12400.0 9396.0 88.0 112.0 It

9812.0 9572.0 240.0 108.0 Into
10176.0 9568.0 200.0 112.0 the
10512.0 9568.0 528.0 112.0 Hudson
11168.0 9572.0 344.0 124.0 river,
11644.0 9572.0 344.0 108.0 after
12116.0 9564.0 372.0 112.0 which

9816.0 9736.0 260.0 136.0 they
10176.0 9736.0 456.0 132.0 fought
10748.0 9768.0 76.0 84.0 a
10936.0 9736.0 348.0 140.0 lively
11392.0 9740.0 388.0 108.0 battle
11896.0 9736.0 292.0 112.0 with
12300.0 9736.0 192.0 112.0 the

9812.0 9908.0 364.0 132.0 police
10244.0 9904.0 256.0 116.0 and
10588.0 9908.0 224.0 116.0 the
10892.0 9936.0 340.0 88.0 crew.
11380.0 9908.0 256.0 112.0 The
11716.0 9912.0 776.0 124.0 government

9812.0 10080.0 112.0 108.0 in
10032.0 10076.0 828.0 132.0 Washington
10976.0 10072.0 696.0 116.0 forestalled
11780.0 10100.0 244.0 104.0 any
12144.0 10072.0 312.0 132.0 diplo-

9816.0 10248.0 340.0 108.0 matic
10248.0 10248.0 500.0 132.0 protest
10848.0 10248.0 304.0 108.0 from
11244.0 10244.0 448.0 128.0 Berlin,
11792.0 10240.0 704.0 136.0 expressing

9820.0 10416.0 376.0 128.0 regret
10316.0 10416.0 208.0 112.0 for
10660.0 10412.0 216.0 116.0 the
10996.0 10412.0 520.0 112.0 Incident
11644.0 10412.0 536.0 128.0 through
12296.0 10408.0 164.0 108.0 As-

9816.0 10584.0 424.0 108.0 sistant
10356.0 10580.0 668.0 140.0 Secretary
11128.0 10584.0 128.0 108.0 of
11364.0 10584.0 344.0 108.0 State
11824.0 10580.0 472.0 112.0 Wilbur
12388.0 10572.0 108.0 112.0 J.

9820.0 10752.0 312.0 116.0 Carr.
10292.0 10752.0 100.0 108.0 A
10496.0 10752.0 316.0 108.0 New
10904.0 10752.0 312.0 112.0 York
11304.0 10744.0 844.0 136.0 organization
12236.0 10744.0 220.0 108.0 call-

9820.0 10924.0 192.0 132.0 ing
10076.0 10916.0 344.0 112.0 Itself
10488.0 10920.0 224.0 116.0 the
10792.0 10920.0 620.0 108.0 Anti-Nazi
11484.0 10916.0 704.0 112.0 federation
12260.0 10940.0 240.0 88.0 was

9824.0 11088.0 244.0 116.0 said
10136.0 11092.0 120.0 108.0 to
10324.0 11088.0 160.0 116.0 be
10552.0 11088.0 600.0 136.0 planning
11216.0 11088.0 476.0 108.0 further
11768.0 11088.0 688.0 108.0 demonstra-

9824.0 11260.0 300.0 112.0 tions
10200.0 11264.0 516.0 124.0 against
10804.0 11256.0 504.0 112.0 German
11396.0 11256.0 392.0 108.0 boats.

9968.0 11428.0 648.0 108.0 President
10788.0 11428.0 508.0 104.0 William
11456.0 11424.0 404.0 108.0 Green
12024.0 11416.0 136.0 112.0 of
12308.0 11416.0 196.0 112.0 the

9816.0 11596.0 624.0 104.0 American
10524.0 11592.0 736.0 112.0 Federation
11336.0 11592.0 136.0 108.0 of
11528.0 11588.0 412.0 108.0 Labor
12016.0 11588.0 480.0 108.0 entered

9820.0 11764.0 188.0 104.0 the
10120.0 11760.0 612.0 112.0 situation
10852.0 11760.0 152.0 132.0 by
11116.0 11756.0 432.0 132.0 calling
11660.0 11780.0 160.0 80.0 on
11944.0 11752.0 208.0 112.0 the
12260.0 11748.0 192.0 112.0 fed-

9816.0 11932.0 236.0 108.0 eral
10116.0 11936.0 824.0 120.0 government
11004.0 11936.0 120.0 104.0 to
11192.0 11928.0 272.0 108.0 take
11532.0 11924.0 424.0 108.0 action
12032.0 11924.0 464.0 124.0 against

9816.0 12096.0 192.0 116.0 the
10136.0 12096.0 420.0 112.0 Hitler
10704.0 12092.0 772.0 136.0 government
11616.0 12088.0 132.0 112.0 to
11888.0 12092.0 284.0 128.0 stop
12304.0 12084.0 196.0 108.0 the

9820.0 12264.0 480.0 132.0 "brutal,
10444.0 12264.0 600.0 108.0 inhuman
11176.0 12256.0 728.0 116.0 treatment"
12044.0 12256.0 136.0 112.0 of
12304.0 12252.0 196.0 116.0 the

9816.0 12436.0 528.0 128.0 laboring
10424.0 12432.0 384.0 112.0 class.

9872.0 12780.0 1012.0 136.0 ACCORDING
11000.0 12804.0 120.0 108.0 to
11236.0 12796.0 196.0 108.0 the
11544.0 12788.0 380.0 136.0 Daily
12044.0 12788.0 444.0 112.0 nerald

10112.0 12972.0 132.0 108.0 of
10332.0 12968.0 572.0 132.0 London,
10996.0 12968.0 200.0 108.0 the
11284.0 12964.0 472.0 108.0 British
11852.0 12960.0 640.0 128.0 admiralty

9808.0 13148.0 464.0 108.0 intends
10364.0 13144.0 136.0 108.0 to
10596.0 13136.0 348.0 116.0 build
11036.0 13160.0 152.0 84.0 an
11276.0 13132.0 396.0 112.0 entire
11760.0 13156.0 276.0 84.0 new
12128.0 13128.0 368.0 112.0 battle

9812.0 13320.0 292.0 120.0 fleet,
10168.0 13320.0 124.0 104.0 to
10360.0 13312.0 160.0 108.0 be
10592.0 13304.0 520.0 112.0 finished
11180.0 13304.0 148.0 132.0 by
11392.0 13300.0 284.0 112.0 1942
11744.0 13304.0 248.0 108.0 and
12060.0 13304.0 124.0 108.0 to
12248.0 13304.0 248.0 104.0 cost

9804.0 13476.0 824.0 136.0 $750,000,000.
10808.0 13476.0 288.0 108.0 This
11184.0 13472.0 512.0 112.0 laborite
11792.0 13492.0 704.0 108.0 newspaper

9812.0 13648.0 528.0 112.0 asserted
10428.0 13648.0 296.0 112.0 that
10808.0 13644.0 204.0 112.0 the
11088.0 13640.0 636.0 132.0 admiralty
11812.0 13644.0 232.0 104.0 has
12128.0 13636.0 324.0 112.0 devel-

9808.0 13820.0 280.0 132.0 oped
10180.0 13848.0 76.0 80.0 a
10344.0 13820.0 432.0 104.0 secret
10868.0 13836.0 684.0 108.0 seven-year
11644.0 13808.0 332.0 132.0 plan,
12068.0 13808.0 428.0 128.0 calling

9812.0 13992.0 180.0 108.0 for
10064.0 13988.0 204.0 112.0 the
10348.0 13984.0 852.0 112.0 construction
11276.0 13988.0 128.0 104.0 of
11476.0 13976.0 140.0 112.0 12
11704.0 14004.0 276.0 84.0 new
12060.0 13976.0 436.0 132.0 capital

9816.0 14160.0 312.0 128.0 ships
10192.0 14156.0 248.0 112.0 and
10504.0 14156.0 156.0 112.0 33
10732.0 14180.0 268.0 80.0 new
11064.0 14152.0 548.0 108.0 cruisers.
11716.0 14152.0 148.0 108.0 In
11932.0 14148.0 560.0 128.0 addition,

9816.0 14328.0 320.0 108.0 there
10228.0 14324.0 420.0 112.0 would
10748.0 14324.0 156.0 108.0 be
10988.0 14324.0 136.0 108.0 63
11216.0 14348.0 252.0 84.0 new
11564.0 14316.0 452.0 116.0 flotilla
12104.0 14312.0 396.0 112.0 leader

9816.0 14500.0 720.0 124.0 destroyers,
10688.0 14488.0 140.0 112.0 21
10976.0 14516.0 248.0 84.0 new
11364.0 14484.0 776.0 112.0 submarines
12276.0 14484.0 220.0 108.0 and

9820.0 14664.0 320.0 112.0 three
10212.0 14688.0 272.0 80.0 new
10572.0 14660.0 524.0 108.0 aircraft
11168.0 14656.0 552.0 112.0 carriers.

9952.0 14832.0 284.0 108.0 This
10348.0 14832.0 112.0 104.0 Is
10580.0 14828.0 280.0 108.0 said
10972.0 14832.0 120.0 104.0 to
11192.0 14824.0 140.0 108.0 be
11436.0 14824.0 212.0 108.0 the
11760.0 14820.0 740.0 108.0 "hush-hush

9824.0 14996.0 328.0 136.0 plan"
10216.0 15000.0 136.0 108.0 of
10420.0 14996.0 224.0 112.0 the
10712.0 14996.0 636.0 128.0 admiralty
11392.0 14992.0 400.0 112.0 which
11848.0 14988.0 196.0 112.0 Sir
12084.0 14988.0 412.0 108.0 Bolton

9820.0 15164.0 988.0 136.0 Eyres-Monsell,
10944.0 15160.0 252.0 116.0 first
11320.0 15164.0 260.0 112.0 lord
11716.0 15160.0 144.0 108.0 of
11988.0 15160.0 208.0 108.0 the
12316.0 15160.0 144.0 108.0 ad-

9820.0 15340.0 500.0 128.0 miralty,
10428.0 15336.0 256.0 108.0 had
10796.0 15332.0 528.0 112.0 declined
11420.0 15336.0 128.0 108.0 to
11656.0 15328.0 364.0 112.0 make
12120.0 15328.0 384.0 132.0 public

9820.0 15512.0 196.0 108.0 but
10092.0 15508.0 404.0 108.0 which
10584.0 15504.0 252.0 108.0 had
10920.0 15504.0 476.0 128.0 already
11480.0 15500.0 308.0 108.0 been
11872.0 15500.0 588.0 112.0 communi-

9820.0 15680.0 328.0 112.0 cated
10268.0 15684.0 132.0 104.0 to
10540.0 15680.0 220.0 108.0 the
10884.0 15672.0 420.0 112.0 United
11432.0 15672.0 460.0 120.0 States,
12020.0 15668.0 476.0 124.0 France,

9816.0 15848.0 328.0 132.0 Italy,
10212.0 15844.0 640.0 132.0 Germany
10924.0 15840.0 224.0 112.0 and
11216.0 15840.0 436.0 132.0 Japan.
11812.0 15840.0 204.0 112.0 Sir
12084.0 15836.0 416.0 108.0 Bolton

9824.0 16016.0 512.0 128.0 recently
10452.0 16016.0 616.0 108.0 Informed
11176.0 16012.0 200.0 108.0 the
11480.0 16008.0 388.0 108.0 house
11980.0 16008.0 136.0 112.0 of
12212.0 16032.0 248.0 84.0 com-

9824.0 16212.0 316.0 80.0 mons
10196.0 16184.0 284.0 112.0 that
10552.0 16180.0 556.0 132.0 England
11164.0 16208.0 248.0 84.0 was
11472.0 16176.0 784.0 128.0 abandoning
12308.0 16176.0 196.0 116.0 the

9824.0 16352.0 572.0 136.0 principle
10480.0 16352.0 144.0 108.0 of
10708.0 16348.0 360.0 112.0 naval
11144.0 16352.0 376.0 104.0 ratios
11600.0 16348.0 128.0 108.0 In
11816.0 16348.0 212.0 108.0 the
12108.0 16348.0 352.0 108.0 Wash-

9828.0 16532.0 388.0 124.0 ington
10292.0 16528.0 472.0 124.0 treaty,
10840.0 16520.0 752.0 128.0 considering
11672.0 16520.0 364.0 104.0 other
12108.0 16540.0 396.0 88.0 means

9820.0 16696.0 120.0 108.0 of
10032.0 16692.0 976.0 128.0 accomplishing
11104.0 16688.0 348.0 108.0 naval
11552.0 16684.0 664.0 108.0 limitation
12312.0 16708.0 152.0 84.0 un-

9824.0 16864.0 196.0 108.0 der
10124.0 16888.0 72.0 80.0 a
10312.0 16876.0 484.0 112.0 system
10912.0 16856.0 128.0 108.0 of
11140.0 16880.0 632.0 108.0 programs
11888.0 16852.0 616.0 132.0 providing

9820.0 17036.0 592.0 124.0 adequate
10508.0 17028.0 636.0 108.0 defensive
11232.0 17024.0 456.0 112.0 navies.

9956.0 17216.0 404.0 108.0 Under
10516.0 17212.0 224.0 108.0 the
10880.0 17208.0 544.0 132.0 reported
11568.0 17232.0 608.0 108.0 program,
12312.0 17208.0 196.0 112.0 the

9824.0 17384.0 828.0 128.0 comparative
10788.0 17380.0 536.0 128.0 strength
11452.0 17376.0 136.0 116.0 of
11724.0 17376.0 216.0 112.0 the
12064.0 17376.0 436.0 112.0 British

9832.0 17556.0 256.0 108.0 fleet
10156.0 17552.0 124.0 108.0 In
10368.0 17552.0 208.0 108.0 "in
10660.0 17548.0 356.0 108.0 date"
11088.0 17548.0 324.0 128.0 ships
11484.0 17572.0 144.0 84.0 as
11708.0 17548.0 140.0 104.0 of
11928.0 17544.0 280.0 116.0 1935
12280.0 17548.0 220.0 108.0 and

9824.0 17724.0 292.0 124.0 1942,
10212.0 17720.0 608.0 128.0 allowing
10912.0 17720.0 188.0 104.0 for
11192.0 17716.0 332.0 128.0 ships
11624.0 17716.0 412.0 108.0 which
12132.0 17712.0 368.0 112.0 would

9824.0 17892.0 468.0 112.0 become
10396.0 17888.0 604.0 108.0 outdated
11104.0 17884.0 372.0 112.0 under
11576.0 17888.0 220.0 112.0 the
11900.0 17884.0 564.0 132.0 Washing-

9828.0 18068.0 184.0 104.0 ton
10076.0 18060.0 236.0 108.0 and
10380.0 18056.0 516.0 108.0 London
10964.0 18060.0 380.0 124.0 treaty
11408.0 18052.0 372.0 128.0 rules,
11844.0 18056.0 392.0 108.0 would
12300.0 18056.0 196.0 116.0 be:

9952.0 18232.0 128.0 108.0 In
10152.0 18228.0 332.0 124.0 1935,
10564.0 18228.0 148.0 108.0 15
10784.0 18224.0 432.0 132.0 capital
11296.0 18224.0 372.0 132.0 ships,
11740.0 18224.0 148.0 108.0 50
11960.0 18228.0 536.0 124.0 cruisers,

9816.0 18400.0 128.0 108.0 84
10020.0 18400.0 440.0 108.0 flotilla
10548.0 18396.0 1192.0 124.0 leader-destroyers,
11824.0 18392.0 148.0 112.0 39
12056.0 18396.0 404.0 108.0 subma-

9824.0 18572.0 336.0 120.0 rines,
10248.0 18568.0 360.0 124.0 eight
10704.0 18568.0 504.0 108.0 aircraft
11292.0 18564.0 604.0 132.0 carriers;
11992.0 18564.0 120.0 104.0 In
12204.0 18564.0 292.0 128.0 1942,

9824.0 18740.0 120.0 108.0 14
10004.0 18736.0 460.0 128.0 capital
10536.0 18732.0 388.0 128.0 ships,
10984.0 18732.0 132.0 108.0 72
11180.0 18732.0 568.0 120.0 cruisers,
11792.0 18728.0 216.0 108.0 142
12052.0 18732.0 404.0 108.0 flotilla-

9824.0 18904.0 388.0 108.0 leader
10320.0 18908.0 748.0 120.0 destroyers,
11168.0 18896.0 132.0 112.0 57
11408.0 18900.0 772.0 108.0 submarines
12276.0 18900.0 220.0 108.0 and

9832.0 19072.0 120.0 112.0 10
10012.0 19068.0 532.0 116.0 aircraft
10620.0 19072.0 548.0 112.0 carriers.

9832.0 19420.0 556.0 248.0 THAT
10496.0 19452.0 260.0 84.0 row
10860.0 19448.0 276.0 80.0 over
11228.0 19424.0 204.0 108.0 the
11532.0 19416.0 976.0 112.0 administration

10052.0 19596.0 132.0 108.0 of
10292.0 19596.0 224.0 104.0 the
10632.0 19588.0 412.0 132.0 Virgin
11148.0 19588.0 460.0 108.0 islands
11720.0 19612.0 260.0 84.0 was
12088.0 19612.0 132.0 80.0 so
12316.0 19612.0 148.0 80.0 un-

9836.0 19772.0 548.0 128.0 pleasant
10476.0 19764.0 288.0 108.0 that
10856.0 19760.0 612.0 108.0 President
11560.0 19756.0 656.0 108.0 Roosevelt
12300.0 19756.0 212.0 108.0 felt

9836.0 19932.0 548.0 132.0 impelled
10516.0 19948.0 128.0 92.0 to
10764.0 19928.0 352.0 108.0 settle
11220.0 19932.0 92.0 100.0 It
11420.0 19924.0 544.0 108.0 himself.
12120.0 19924.0 148.0 112.0 So
12372.0 19924.0 144.0 108.0 he

10988.0 20100.0 540.0 108.0 removed
11708.0 20100.0 324.0 104.0 from
12200.0 20096.0 312.0 108.0 office

10980.0 20276.0 196.0 108.0 the
11248.0 20284.0 236.0 100.0 two
11568.0 20268.0 340.0 108.0 chief
11988.0 20264.0 520.0 128.0 battlers,

10980.0 20444.0 272.0 112.0 Gov.
11344.0 20444.0 308.0 104.0 Paul
11748.0 20436.0 160.0 108.0 M.
12004.0 20436.0 504.0 108.0 Pearson

10980.0 20612.0 224.0 108.0 and
11292.0 20608.0 400.0 128.0 Judge
11792.0 20608.0 136.0 108.0 T.
12036.0 20604.0 476.0 108.0 Webber

10988.0 20780.0 472.0 124.0 Wilson,
11532.0 20776.0 244.0 108.0 had
11852.0 20772.0 344.0 112.0 other
12256.0 20772.0 256.0 128.0 jobs

10980.0 20948.0 360.0 108.0 found
11472.0 20944.0 200.0 108.0 for
11804.0 20944.0 360.0 124.0 them,
12288.0 20944.0 220.0 112.0 and

10984.0 21112.0 680.0 112.0 nominated
11860.0 21140.0 144.0 80.0 as
12188.0 21116.0 284.0 104.0 Pear-

10984.0 21284.0 304.0 112.0 son's
11428.0 21308.0 644.0 84.0 successor
12204.0 21280.0 308.0 104.0 Law-

11392.0 21452.0 132.0 44.0 nt
11656.0 21448.0 68.0 48.0 r
12372.0 21452.0 56.0 44.0 k

9844.0 21496.0 48.0 56.0 f
9928.0 21508.0 36.0 88.0 j
10824.0 21548.0 48.0 88.0 1
10984.0 21496.0 336.0 68.0 rente
11412.0 21496.0 92.0 60.0 tv
11544.0 21532.0 32.0 28.0 .
11652.0 21496.0 532.0 84.0 Cramer,
12268.0 21496.0 240.0 60.0 wuu

9840.0 21576.0 48.0 160.0 I
10984.0 21652.0 232.0 80.0 was
11348.0 21624.0 496.0 128.0 serving
11980.0 21648.0 136.0 80.0 as
12244.0 21624.0 264.0 104.0 lieu-

9832.0 21820.0 100.0 84.0 r
10176.0 21820.0 16.0 12.0 '
10960.0 21804.0 428.0 96.0 tenant
11468.0 21816.0 608.0 104.0 governor
12148.0 21788.0 124.0 108.0 of
12348.0 21792.0 156.0 108.0 St.

10980.0 21964.0 340.0 108.0 Croix
11488.0 21960.0 444.0 112.0 island.
12088.0 21956.0 380.0 116.0 Confir-

10980.0 22132.0 432.0 108.0 mation
11476.0 22128.0 140.0 112.0 of
11676.0 22132.0 256.0 108.0 this
11992.0 22132.0 472.0 132.0 appoint-

10976.0 22312.0 308.0 100.0 ment
11408.0 22328.0 260.0 80.0 was
11796.0 22304.0 212.0 104.0 not
12132.0 22304.0 336.0 108.0 imme

9892.0 22228.0 116.0 112.0 L.
10048.0 22232.0 176.0 108.0 W.
10272.0 22228.0 528.0 112.0 Cramer

9840.0 22476.0 344.0 108.0 diate.
10424.0 22472.0 272.0 108.0 The
10784.0 22480.0 408.0 96.0 senate
11264.0 22472.0 700.0 108.0 committee
12044.0 22472.0 420.0 108.0 Investi-

9840.0 22644.0 400.0 128.0 gating
10332.0 22640.0 224.0 112.0 the
10644.0 22640.0 456.0 104.0 Islands
11180.0 22640.0 420.0 108.0 affairs
11684.0 22664.0 264.0 80.0 was
12032.0 22640.0 276.0 108.0 slow
12392.0 22644.0 108.0 104.0 in

9844.0 22808.0 476.0 124.0 making
10396.0 22832.0 168.0 104.0 up
10636.0 22812.0 168.0 100.0 Its
10868.0 22808.0 308.0 104.0 mind
11244.0 22808.0 372.0 104.0 about
11684.0 22804.0 532.0 128.0 Cramer,
12284.0 22808.0 212.0 104.0 and

9844.0 22980.0 296.0 104.0 from
10236.0 22976.0 184.0 108.0 St.
10516.0 22972.0 528.0 108.0 Thomas
11124.0 23000.0 328.0 84.0 came
11544.0 22972.0 212.0 108.0 the
11848.0 23000.0 328.0 84.0 news
12256.0 22976.0 244.0 108.0 that

9844.0 23144.0 192.0 108.0 the
10104.0 23144.0 280.0 104.0 foes
10464.0 23140.0 144.0 108.0 of
10680.0 23140.0 204.0 108.0 the
10956.0 23140.0 508.0 108.0 Pearson
11540.0 23144.0 960.0 108.0 administration

9844.0 23308.0 360.0 124.0 there,
10288.0 23308.0 580.0 128.0 together
10940.0 23308.0 276.0 108.0 with
11292.0 23332.0 68.0 80.0 a
11444.0 23308.0 692.0 132.0 delegation
12216.0 23312.0 284.0 108.0 from

9848.0 23480.0 156.0 108.0 St.
10112.0 23476.0 420.0 124.0 Croix,
10652.0 23500.0 312.0 84.0 were
11060.0 23476.0 676.0 128.0 protesting
11848.0 23476.0 656.0 136.0 vigorously

9844.0 23648.0 472.0 128.0 against
10420.0 23648.0 220.0 104.0 the
10744.0 23644.0 712.0 108.0 President's
11548.0 23644.0 588.0 112.0 selection
12228.0 23648.0 124.0 108.0 of
12436.0 23676.0 60.0 84.0 a

9848.0 23840.0 240.0 80.0 new
10164.0 23836.0 652.0 108.0 governor.

9980.0 23984.0 256.0 108.0 The
10312.0 23984.0 556.0 124.0 disposal
10944.0 23984.0 128.0 104.0 of
11144.0 23980.0 524.0 108.0 Pearson
11756.0 23988.0 240.0 104.0 and
12080.0 23988.0 420.0 108.0 Wilson

9844.0 24152.0 244.0 108.0 also
10180.0 24152.0 544.0 108.0 aroused
10824.0 24148.0 552.0 112.0 criticism
11476.0 24156.0 124.0 104.0 In
11704.0 24152.0 796.0 132.0 Washington.

9844.0 24320.0 240.0 108.0 The
10172.0 24320.0 492.0 104.0 former
10760.0 24316.0 220.0 108.0 had
11076.0 24320.0 288.0 108.0 been
11464.0 24324.0 580.0 108.0 attacked
12140.0 24328.0 320.0 108.0 stead-

9852.0 24492.0 144.0 124.0 ily
10068.0 24488.0 152.0 132.0 by
10300.0 24488.0 244.0 108.0 Tat
10628.0 24488.0 572.0 104.0 Harrison
11276.0 24488.0 128.0 104.0 of
11480.0 24484.0 736.0 140.0 Mississippi
12284.0 24500.0 212.0 104.0 and

9848.0 24656.0 328.0 108.0 other
10272.0 24656.0 776.0 108.0 Democratic
11136.0 24668.0 592.0 124.0 senators,
11828.0 24656.0 212.0 112.0 but
12132.0 24660.0 332.0 116.0 Secre-

9848.0 24836.0 252.0 120.0 tary
10164.0 24824.0 140.0 104.0 of
10368.0 24824.0 220.0 108.0 the
10656.0 24824.0 500.0 108.0 Interior
11216.0 24824.0 344.0 108.0 Ickes
11624.0 24824.0 252.0 112.0 had
11940.0 24832.0 560.0 112.0 defended

9848.0 24996.0 228.0 104.0 him
10148.0 24992.0 564.0 128.0 warmly,
10780.0 25016.0 128.0 84.0 so
10968.0 24988.0 144.0 112.0 he
11176.0 25020.0 252.0 80.0 was
11488.0 24996.0 364.0 128.0 given
11924.0 25024.0 72.0 80.0 a
12056.0 24996.0 196.0 132.0 job
12316.0 25032.0 140.0 84.0 un-

9848.0 25164.0 196.0 104.0 der
10132.0 25160.0 396.0 124.0 Ickes,
10628.0 25156.0 340.0 132.0 being
11052.0 25164.0 336.0 104.0 made
11472.0 25168.0 604.0 108.0 assistant
12160.0 25172.0 300.0 116.0 direc-

9852.0 25344.0 176.0 92.0 tor
10096.0 25328.0 136.0 108.0 of
10304.0 25324.0 536.0 132.0 housing
10908.0 25332.0 112.0 104.0 in
11092.0 25328.0 200.0 108.0 the
11364.0 25332.0 352.0 104.0 PWA
11792.0 25340.0 136.0 100.0 at
11996.0 25332.0 372.0 128.0 $S,000
12432.0 25368.0 64.0 84.0 a

9844.0 25520.0 312.0 108.0 year,
10240.0 25520.0 72.0 84.0 a
10400.0 25500.0 364.0 124.0 place
10844.0 25500.0 192.0 100.0 not
11116.0 25500.0 688.0 128.0 previously
11892.0 25500.0 344.0 112.0 filled.

9980.0 25664.0 136.0 108.0 In
10196.0 25664.0 380.0 108.0 order
10660.0 25664.0 128.0 100.0 to
10868.0 25660.0 472.0 132.0 provide
11416.0 25688.0 72.0 80.0 a
11576.0 25664.0 212.0 128.0 job
11876.0 25668.0 188.0 108.0 for
12140.0 25672.0 360.0 140.0 Judge

9856.0 25832.0 484.0 116.0 Wilson,
10472.0 25860.0 72.0 76.0 a
10680.0 25828.0 436.0 108.0 former
11228.0 25860.0 868.0 100.0 congressman
12212.0 25844.0 288.0 108.0 from

9852.0 25996.0 744.0 132.0 Mississippi
10700.0 25996.0 228.0 108.0 and
11028.0 26024.0 64.0 80.0 a
11192.0 26008.0 500.0 120.0 protege
11792.0 26004.0 136.0 108.0 of
12028.0 26008.0 472.0 116.0 Senator

9852.0 26164.0 636.0 128.0 Harrison,
10572.0 26188.0 80.0 80.0 a
10732.0 26188.0 440.0 80.0 woman
11252.0 26192.0 252.0 84.0 was
11584.0 26172.0 420.0 108.0 forced
12084.0 26176.0 160.0 108.0 off
12312.0 26184.0 188.0 108.0 the

9852.0 26332.0 452.0 104.0 federal
10380.0 26328.0 432.0 132.0 parole
10880.0 26328.0 380.0 108.0 board.
11344.0 26336.0 604.0 132.0 Attorney
12020.0 26344.0 472.0 112.0 General

9844.0 26500.0 712.0 128.0 Cummings
10644.0 26500.0 612.0 128.0 requested
11340.0 26504.0 240.0 108.0 and
11672.0 26508.0 560.0 120.0 obtained
12312.0 26520.0 188.0 112.0 the

9852.0 26668.0 752.0 128.0 resignation
10712.0 26668.0 132.0 108.0 of
10940.0 26668.0 192.0 112.0 Dr.
11232.0 26676.0 300.0 128.0 Amy
11644.0 26680.0 140.0 104.0 A.
11892.0 26680.0 600.0 136.0 Stannard,

9844.0 26864.0 68.0 80.0 a
9972.0 26832.0 808.0 136.0 psychiatrist
10848.0 26836.0 248.0 108.0 who
11156.0 26840.0 216.0 108.0 has
11436.0 26840.0 308.0 112.0 been
11812.0 26848.0 120.0 104.0 In
12000.0 26852.0 196.0 108.0 the
12248.0 26888.0 204.0 100.0 gov-

9844.0 27020.0 552.0 96.0 ernment
10492.0 27008.0 464.0 104.0 service
11036.0 27008.0 132.0 104.0 12
11248.0 27036.0 364.0 100.0 years
11708.0 27016.0 292.0 108.0 with
12092.0 27044.0 64.0 84.0 a
12240.0 27032.0 252.0 104.0 civil

9844.0 27176.0 464.0 104.0 service
10380.0 27180.0 420.0 100.0 status
10868.0 27176.0 220.0 108.0 and
11164.0 27176.0 228.0 108.0 had
11472.0 27176.0 308.0 112.0 been
11860.0 27208.0 68.0 80.0 a
12008.0 27196.0 488.0 112.0 member

9844.0 27340.0 124.0 108.0 of
10024.0 27344.0 204.0 104.0 the
10296.0 27344.0 436.0 128.0 parole
10792.0 27340.0 348.0 112.0 board
11204.0 27348.0 328.0 108.0 since
11596.0 27352.0 320.0 108.0 1930.
12072.0 27360.0 416.0 120.0 Wilson

9852.0 27532.0 236.0 84.0 was
10164.0 27536.0 420.0 80.0 sworn
10668.0 27512.0 120.0 108.0 in
10864.0 27540.0 132.0 88.0 as
11068.0 27512.0 208.0 112.0 her
11348.0 27540.0 680.0 100.0 successor.

12752.0 1476.0 2484.0 408.0 BRISBANE

13188.0 2092.0 632.0 224.0 THIS
13956.0 2080.0 832.0 232.0 WEEK

12848.0 2632.0 116.0 140.0 A
13052.0 2628.0 512.0 140.0 Tou-Ii
13660.0 2620.0 248.0 136.0 Old
13996.0 2612.0 320.0 140.0 Bird"

12828.0 2840.0 328.0 132.0 Five
13232.0 2832.0 592.0 136.0 Billions
13892.0 2816.0 448.0 140.0 More?

12824.0 3036.0 404.0 136.0 Newi
13316.0 3036.0 160.0 136.0 of
13564.0 3032.0 348.0 168.0 Hogs

12820.0 3240.0 900.0 144.0 Submarines
13788.0 3224.0 548.0 148.0 Wanted

12788.0 3548.0 380.0 108.0 Amos
13292.0 3544.0 144.0 112.0 R.
13556.0 3544.0 124.0 108.0 E.
13796.0 3544.0 508.0 116.0 I'inchot,
14428.0 3536.0 280.0 104.0 who
14828.0 3528.0 224.0 112.0 has
15152.0 3520.0 148.0 108.0 lei-

12656.0 3736.0 272.0 88.0 sure
13012.0 3712.0 252.0 116.0 and
13344.0 3712.0 452.0 132.0 thinks,
13876.0 3716.0 364.0 104.0 utters
14320.0 3700.0 636.0 140.0 profound
15032.0 3692.0 308.0 116.0 truth

14000.0 3876.0 472.0 128.0 writing
14612.0 3876.0 136.0 104.0 to
14884.0 3888.0 224.0 84.0 one
15224.0 3852.0 120.0 112.0 of

13996.0 4048.0 192.0 104.0 the
14296.0 4040.0 824.0 132.0 "professors.

14132.0 4204.0 812.0 136.0 "Capitalism
15072.0 4200.0 96.0 108.0 is
15280.0 4216.0 60.0 88.0 a

14000.0 4380.0 348.0 84.0 rdiieh
14432.0 4372.0 204.0 92.0 old
14716.0 4368.0 312.0 96.0 hird.
15096.0 4364.0 248.0 100.0 that

13700.0 4528.0 156.0 136.0 ii
14000.0 4548.0 228.0 104.0 will
14396.0 4544.0 256.0 104.0 live
14828.0 4560.0 72.0 84.0 a
15064.0 4528.0 280.0 132.0 good

13784.0 4660.0 72.0 176.0 1
13996.0 4712.0 252.0 108.0 deal
14448.0 4708.0 444.0 124.0 longer
15072.0 4700.0 268.0 108.0 than

13716.0 4824.0 140.0 192.0 if,
13996.0 4904.0 224.0 104.0 any
14340.0 4876.0 136.0 104.0 of
14596.0 4896.0 160.0 84.0 us
14876.0 4860.0 340.0 116.0 will."

13664.0 5048.0 16.0 36.0 '
13804.0 4984.0 56.0 232.0 J
14132.0 5040.0 780.0 128.0 Capitalism,
14984.0 5028.0 364.0 112.0 which

13808.0 5204.0 52.0 108.0 1
14000.0 5236.0 404.0 80.0 means
14572.0 5200.0 780.0 136.0 government

13684.0 5428.0 32.0 88.0 ;
13796.0 5348.0 64.0 180.0 J
13996.0 5376.0 144.0 128.0 by
14296.0 5368.0 680.0 136.0 organized
15132.0 5364.0 212.0 108.0 dol-

13680.0 5520.0 52.0 56.0 p
13780.0 5492.0 80.0 216.0 J
14004.0 5548.0 232.0 104.0 lars
14380.0 5540.0 248.0 108.0 and
14780.0 5536.0 568.0 128.0 Industry,

13664.0 5684.0 36.0 28.0 "
13780.0 5672.0 84.0 144.0 1l
14004.0 5708.0 468.0 108.0 instead
14652.0 5704.0 144.0 108.0 of
14960.0 5724.0 388.0 104.0 organ-

13792.0 5816.0 76.0 168.0 4
14004.0 5880.0 240.0 108.0 Ized
14404.0 5872.0 580.0 124.0 soldiers,
15132.0 5864.0 212.0 112.0 will

13828.0 6048.0 40.0 84.0 i
14008.0 6048.0 224.0 108.0 last
14300.0 6044.0 448.0 128.0 longer
14812.0 6040.0 292.0 108.0 than
15164.0 6036.0 188.0 108.0 the

13812.0 6184.0 60.0 152.0 3
14004.0 6220.0 488.0 124.0 present
14624.0 6208.0 728.0 128.0 generation,

13684.0 6352.0 20.0 24.0 '
13744.0 6372.0 128.0 96.0 "3
14008.0 6384.0 408.0 128.0 longer
14572.0 6380.0 312.0 108.0 than
15028.0 6372.0 328.0 112.0 thli

12716.0 6676.0 464.0 88.0 Arthur
13264.0 6680.0 572.0 84.0 Hr.ln.,e
14008.0 6720.0 108.0 112.0 ,g
14180.0 6716.0 208.0 112.0 thp
14464.0 6628.0 276.0 192.0 n'ew
14820.0 6704.0 528.0 112.0 flnanclal

12676.0 6880.0 664.0 112.0 feudalism
13464.0 6888.0 256.0 104.0 that
13824.0 6884.0 528.0 128.0 replaced
14472.0 6884.0 556.0 120.0 military
15128.0 6876.0 184.0 108.0 feu-

12676.0 7048.0 468.0 116.0 dalism.
13312.0 7056.0 400.0 108.0 There
13828.0 7056.0 96.0 104.0 is
14044.0 7080.0 144.0 76.0 no
14308.0 7076.0 464.0 80.0 reason
14900.0 7044.0 256.0 132.0 why
15268.0 7040.0 88.0 116.0 It

12672.0 7212.0 432.0 116.0 should
13240.0 7224.0 220.0 104.0 not
13580.0 7224.0 232.0 104.0 last
13924.0 7248.0 128.0 80.0 as
14164.0 7216.0 284.0 128.0 long
14576.0 7240.0 152.0 84.0 as
14856.0 7216.0 500.0 128.0 military

12672.0 7380.0 664.0 112.0 feudalism
13456.0 7384.0 412.0 132.0 lasted,
13972.0 7412.0 344.0 104.0 many
14428.0 7384.0 660.0 108.0 centuries.

12816.0 7748.0 540.0 112.0 Senator
13464.0 7756.0 424.0 128.0 Borah,
13976.0 7780.0 224.0 84.0 one
14292.0 7756.0 140.0 108.0 of
14540.0 7756.0 228.0 108.0 the
14868.0 7744.0 488.0 120.0 senate's

12672.0 7912.0 268.0 116.0 able
13036.0 7944.0 336.0 104.0 men,
13476.0 7920.0 512.0 132.0 predicts
14080.0 7924.0 268.0 108.0 that
14448.0 7944.0 596.0 108.0 congress
15132.0 7916.0 220.0 112.0 will

12672.0 8084.0 160.0 112.0 sit
12948.0 8088.0 336.0 112.0 until
13408.0 8088.0 652.0 112.0 November
14164.0 8088.0 104.0 132.0 1,
14388.0 8088.0 256.0 112.0 and
14768.0 8088.0 272.0 112.0 that
15148.0 8084.0 208.0 112.0 firs

12672.0 8252.0 620.0 112.0 thousand
13376.0 8284.0 232.0 80.0 one
13680.0 8256.0 508.0 112.0 hundred
14264.0 8256.0 252.0 112.0 and
14596.0 8260.0 464.0 124.0 twenty
15132.0 8248.0 184.0 116.0 mil-

12672.0 8420.0 312.0 112.0 lions
13112.0 8452.0 352.0 84.0 more
13584.0 8428.0 232.0 104.0 will
13932.0 8424.0 140.0 112.0 be
14188.0 8424.0 884.0 132.0 appropriated
15180.0 8420.0 176.0 112.0 for

12676.0 8588.0 720.0 116.0 Immediate
13476.0 8596.0 588.0 128.0 spending.
14148.0 8596.0 324.0 108.0 That
14552.0 8588.0 416.0 116.0 would
15040.0 8588.0 320.0 112.0 make

12676.0 8752.0 372.0 120.0 about
13116.0 8788.0 176.0 80.0 an
13368.0 8788.0 304.0 84.0 even
13740.0 8772.0 188.0 100.0 ten
13996.0 8760.0 488.0 112.0 billions
14560.0 8760.0 132.0 112.0 in
14768.0 8768.0 344.0 104.0 extra
15176.0 8784.0 144.0 104.0 ap-

12676.0 8928.0 776.0 128.0 propriation
13560.0 8928.0 188.0 112.0 for
13844.0 8928.0 232.0 116.0 this
14168.0 8956.0 332.0 104.0 year.

12812.0 9128.0 304.0 112.0 Two
13288.0 9132.0 600.0 116.0 thousand
14036.0 9160.0 224.0 80.0 one
14420.0 9132.0 572.0 112.0 hundred
15136.0 9128.0 220.0 112.0 and

12676.0 9300.0 468.0 132.0 twenty
13264.0 9300.0 528.0 112.0 millions
13892.0 9300.0 128.0 116.0 of
14116.0 9300.0 204.0 112.0 the
14436.0 9324.0 452.0 108.0 money
14996.0 9296.0 360.0 112.0 would

12676.0 9488.0 232.0 108.0 pay
13060.0 9468.0 220.0 112.0 the
13428.0 9468.0 524.0 112.0 soldiers'
14092.0 9464.0 392.0 112.0 bonus
14628.0 9464.0 136.0 112.0 In
14908.0 9464.0 328.0 128.0 "gree-

12676.0 9628.0 496.0 132.0 backs,"
13304.0 9636.0 248.0 112.0 and
13672.0 9636.0 320.0 112.0 three
14108.0 9632.0 628.0 112.0 thousand
14864.0 9632.0 492.0 112.0 millions

12680.0 9800.0 408.0 112.0 would
13184.0 9796.0 164.0 116.0 be
13448.0 9804.0 288.0 108.0 used
13832.0 9812.0 112.0 108.0 to
14036.0 9800.0 284.0 112.0 take
14420.0 9828.0 172.0 104.0 up
14700.0 9808.0 656.0 124.0 mortgages

12676.0 9996.0 152.0 84.0 oa
12928.0 9968.0 452.0 116.0 farms.

12816.0 10336.0 440.0 132.0 "Hogs
13360.0 10340.0 224.0 112.0 sell
13680.0 10368.0 156.0 104.0 up
13924.0 10352.0 120.0 104.0 to
14132.0 10340.0 444.0 128.0 $10.10,
14688.0 10336.0 276.0 116.0 best
15052.0 10336.0 300.0 136.0 price

12680.0 10500.0 336.0 120.0 since
13144.0 10508.0 736.0 132.0 September,
13992.0 10504.0 388.0 116.0 1930.H
14536.0 10508.0 340.0 112.0 That
14992.0 10528.0 364.0 92.0 comes

12684.0 10672.0 312.0 108.0 from
13072.0 10676.0 512.0 112.0 Kansas
13652.0 10680.0 256.0 132.0 City
14052.0 10684.0 196.0 100.0 ten
14320.0 10676.0 488.0 112.0 dollars
14872.0 10676.0 228.0 112.0 and
15164.0 10676.0 188.0 108.0 ten

12684.0 10848.0 344.0 104.0 cents
13112.0 10844.0 212.0 108.0 for
13408.0 10872.0 72.0 80.0 a
13560.0 10844.0 224.0 132.0 hog
13852.0 10844.0 588.0 132.0 weighing
14520.0 10868.0 248.0 84.0 one
14848.0 10836.0 504.0 116.0 hundred

12684.0 11012.0 516.0 128.0 pounds.
13356.0 11012.0 324.0 112.0 That
13752.0 11040.0 256.0 104.0 may
14084.0 11016.0 212.0 108.0 not
14372.0 11036.0 376.0 84.0 mean
14832.0 11008.0 332.0 112.0 much
15236.0 11016.0 116.0 112.0 to

12680.0 11204.0 304.0 108.0 you;
13104.0 11180.0 104.0 112.0 It
13328.0 11208.0 416.0 84.0 means
13844.0 11176.0 328.0 112.0 much
14284.0 11180.0 132.0 112.0 to
14532.0 11180.0 224.0 112.0 the
14864.0 11180.0 488.0 112.0 farmers

12684.0 11340.0 264.0 120.0 that
13048.0 11348.0 348.0 108.0 raise
13488.0 11348.0 312.0 128.0 hogs.
13940.0 11344.0 108.0 116.0 It
14136.0 11344.0 264.0 112.0 also
14496.0 11344.0 244.0 112.0 has
14832.0 11344.0 520.0 136.0 meaning

12680.0 11512.0 188.0 108.0 for
12948.0 11512.0 908.0 136.0 housekeepers
13932.0 11516.0 260.0 112.0 that
14268.0 11512.0 256.0 132.0 buy
14616.0 11536.0 604.0 112.0 sausages.

12816.0 11712.0 252.0 108.0 For
13180.0 11744.0 348.0 84.0 some
13636.0 11720.0 692.0 132.0 mysterious
14436.0 11744.0 496.0 96.0 reason,
15036.0 11716.0 316.0 112.0 when

12676.0 11880.0 304.0 128.0 pork
13060.0 11884.0 424.0 128.0 prices
13556.0 11912.0 144.0 104.0 go
13772.0 11908.0 144.0 108.0 up
13988.0 11884.0 136.0 108.0 10
14196.0 11912.0 228.0 104.0 per
14496.0 11884.0 300.0 112.0 cent
14868.0 11908.0 484.0 108.0 sausage

12676.0 12044.0 404.0 132.0 prices
13160.0 12080.0 164.0 100.0 go
13400.0 12076.0 164.0 108.0 up
13636.0 12052.0 204.0 108.0 100
13904.0 12080.0 204.0 104.0 per
14184.0 12052.0 316.0 112.0 cent

12812.0 12380.0 344.0 108.0 Rear
13304.0 12388.0 528.0 108.0 Admiral
13968.0 12388.0 360.0 108.0 Yates
14476.0 12388.0 556.0 132.0 Stirling,
15156.0 12388.0 196.0 128.0 Jr.,

12672.0 12552.0 876.0 128.0 commanding
13616.0 12552.0 572.0 128.0 Brooklyn
14268.0 12576.0 336.0 112.0 navy
14684.0 12556.0 336.0 132.0 yard,
15092.0 12580.0 256.0 108.0 says

12672.0 12712.0 576.0 116.0 America
13364.0 12720.0 360.0 112.0 needs
13820.0 12720.0 688.0 132.0 long-range
14620.0 12720.0 728.0 116.0 submarines

12676.0 12884.0 120.0 112.0 to
12876.0 12888.0 508.0 124.0 protect
13464.0 12912.0 216.0 84.0 our
13756.0 12888.0 552.0 112.0 interests
14388.0 12892.0 128.0 104.0 In
14612.0 12892.0 220.0 108.0 the
14908.0 12892.0 440.0 116.0 Pacific

12816.0 13084.0 380.0 116.0 Since
13324.0 13088.0 316.0 128.0 1918,
13756.0 13092.0 324.0 108.0 when
14196.0 13100.0 396.0 104.0 sweet
14720.0 13120.0 364.0 108.0 peace
15188.0 13120.0 124.0 84.0 re-

12672.0 13256.0 484.0 124.0 turned,
13268.0 13252.0 300.0 112.0 wise
13664.0 13256.0 404.0 132.0 Japan,
14164.0 13260.0 680.0 132.0 according
14936.0 13264.0 124.0 108.0 to
15144.0 13260.0 164.0 116.0 Ad-

12672.0 13420.0 356.0 112.0 miral
13108.0 13420.0 552.0 136.0 Stirling,
13724.0 13424.0 208.0 112.0 has
13988.0 13424.0 304.0 120.0 built
14356.0 13428.0 148.0 108.0 64
14580.0 13428.0 768.0 132.0 submarines,

12672.0 13584.0 648.0 140.0 Including
13412.0 13592.0 144.0 112.0 27
13640.0 13596.0 128.0 104.0 of
13852.0 13596.0 264.0 124.0 long
14204.0 13620.0 436.0 108.0 range,
14740.0 13600.0 292.0 112.0 each
15120.0 13624.0 228.0 88.0 car

12672.0 13756.0 356.0 132.0 rying
13096.0 13756.0 200.0 112.0 six
13364.0 13748.0 488.0 144.0 torpedo
13912.0 13760.0 376.0 132.0 tubes,
14356.0 13764.0 616.0 132.0 powerful
15036.0 13796.0 308.0 104.0 guns,

12672.0 13920.0 272.0 112.0 able
13060.0 13932.0 136.0 104.0 to
13308.0 13952.0 336.0 88.0 cross
13744.0 13932.0 196.0 108.0 the
14040.0 13928.0 452.0 116.0 Pacific
14612.0 13936.0 248.0 108.0 and
14968.0 13940.0 376.0 104.0 return

12672.0 14088.0 524.0 116.0 without
13320.0 14096.0 612.0 132.0 refueling.
14080.0 14096.0 408.0 132.0 Japan
14608.0 14100.0 236.0 112.0 has
14948.0 14104.0 236.0 108.0 also
15280.0 14128.0 68.0 88.0 a

12668.0 14256.0 468.0 128.0 special
13260.0 14264.0 288.0 112.0 fleet
13648.0 14264.0 128.0 108.0 of
13872.0 14264.0 316.0 132.0 eight
14296.0 14264.0 780.0 120.0 submarines
15172.0 14272.0 180.0 116.0 for

12664.0 14420.0 504.0 132.0 placing
13268.0 14420.0 768.0 112.0 destructive-
14080.0 14452.0 380.0 80.0 ocean
14572.0 14432.0 428.0 120.0 mines,
15092.0 14428.0 256.0 108.0 four

12668.0 14584.0 132.0 108.0 of
12912.0 14584.0 348.0 112.0 them
13380.0 14584.0 272.0 112.0 able
13756.0 14596.0 116.0 100.0 to
13976.0 14600.0 504.0 116.0 operate
14592.0 14592.0 336.0 124.0 5,000
15032.0 14592.0 312.0 112.0 miles

12672.0 14744.0 312.0 112.0 from
13080.0 14752.0 340.0 108.0 their
13500.0 14752.0 308.0 112.0 base.
13948.0 14752.0 320.0 116.0 Each
14356.0 14756.0 380.0 112.0 could
14816.0 14760.0 332.0 128.0 place
15216.0 14760.0 128.0 108.0 45

12668.0 14912.0 432.0 112.0 bombs
13188.0 14920.0 132.0 108.0 In
13408.0 14916.0 204.0 112.0 the
13688.0 14920.0 272.0 128.0 path
14040.0 14924.0 132.0 108.0 of
14248.0 14948.0 452.0 108.0 enemy
14788.0 14928.0 552.0 132.0 shipping.

12808.0 15248.0 488.0 116.0 Newell
13444.0 15252.0 120.0 112.0 P.
13704.0 15252.0 596.0 132.0 Sherman,
14448.0 15256.0 360.0 112.0 choir
14944.0 15264.0 400.0 128.0 singer,

12664.0 15416.0 260.0 132.0 Boy
13048.0 15416.0 392.0 120.0 Scout
13548.0 15428.0 460.0 120.0 master,
14112.0 15424.0 220.0 112.0 fell
14456.0 15424.0 132.0 108.0 In
14708.0 15424.0 272.0 112.0 love
15076.0 15428.0 268.0 112.0 with

12672.0 15608.0 68.0 84.0 a
12860.0 15584.0 236.0 132.0 girl
13228.0 15588.0 504.0 128.0 sixteen,
13836.0 15592.0 432.0 112.0 admits
14388.0 15592.0 292.0 112.0 that
14792.0 15600.0 128.0 108.0 to
15024.0 15600.0 320.0 108.0 make

12668.0 15748.0 192.0 112.0 h!s
12932.0 15780.0 284.0 104.0 way
13292.0 15752.0 328.0 116.0 clear
13684.0 15756.0 140.0 112.0 he
13884.0 15768.0 344.0 124.0 upset
14300.0 15788.0 80.0 84.0 a
14456.0 15788.0 428.0 104.0 canoe,
14956.0 15764.0 348.0 112.0 throw-

12676.0 15920.0 204.0 128.0 ing
13000.0 15920.0 228.0 112.0 the
13348.0 15924.0 460.0 108.0 mother
13908.0 15924.0 132.0 112.0 of
14148.0 15924.0 196.0 112.0 his
14468.0 15936.0 256.0 104.0 two
14844.0 15928.0 500.0 116.0 children

12676.0 16088.0 256.0 108.0 Into
13008.0 16088.0 224.0 112.0 the
13308.0 16096.0 408.0 124.0 water,
13784.0 16092.0 276.0 132.0 kept
14124.0 16096.0 556.0 136.0 pushing
14756.0 16096.0 212.0 112.0 her
15032.0 16124.0 312.0 108.0 away

12676.0 16252.0 316.0 112.0 from
13136.0 16256.0 228.0 112.0 the
13492.0 16256.0 276.0 116.0 boat
13892.0 16264.0 296.0 108.0 until
14328.0 16264.0 236.0 112.0 she
14704.0 16268.0 300.0 108.0 sank
15128.0 16272.0 216.0 108.0 and

12672.0 16420.0 628.0 116.0 drowned.
13456.0 16424.0 284.0 112.0 This
13828.0 16456.0 380.0 104.0 young
14304.0 16436.0 708.0 124.0 gentleman
15100.0 16436.0 100.0 112.0 Is
15276.0 16436.0 72.0 112.0 6

12672.0 16592.0 256.0 108.0 feet
13064.0 16588.0 76.0 108.0 4
13280.0 16592.0 412.0 112.0 Inches
13812.0 16596.0 244.0 128.0 tall,
14180.0 16596.0 228.0 116.0 but
14548.0 16604.0 220.0 108.0 the
14896.0 16604.0 452.0 116.0 electric

12672.0 16752.0 352.0 116.0 chair
13108.0 16784.0 240.0 84.0 can
13436.0 16760.0 588.0 112.0 doubtless
14100.0 16760.0 152.0 116.0 be
14336.0 16768.0 620.0 132.0 arranged
15032.0 16776.0 120.0 108.0 to
15220.0 16768.0 128.0 120.0 fit

12672.0 16920.0 284.0 112.0 him.

12816.0 17252.0 268.0 116.0 You
13160.0 17260.0 260.0 112.0 will
13484.0 17260.0 300.0 136.0 hope
13836.0 17264.0 264.0 112.0 that
14160.0 17292.0 160.0 84.0 no
14388.0 17268.0 960.0 120.0 tender-hearted

12676.0 17420.0 432.0 132.0 parole
13220.0 17424.0 380.0 116.0 board
13700.0 17432.0 232.0 112.0 will
14032.0 17456.0 252.0 104.0 say,
14396.0 17436.0 284.0 112.0 "He
14784.0 17440.0 356.0 132.0 ought
15228.0 17444.0 120.0 112.0 to

12672.0 17588.0 316.0 112.0 have
13076.0 17596.0 524.0 108.0 another
13676.0 17596.0 532.0 112.0 chance."
14368.0 17600.0 280.0 112.0 One
14728.0 17604.0 432.0 116.0 chance
15228.0 17616.0 48.0 108.0 t

12676.0 17760.0 424.0 108.0 drown
13176.0 17760.0 220.0 116.0 the
13460.0 17764.0 444.0 108.0 mother
13960.0 17764.0 136.0 112.0 of
14144.0 17796.0 320.0 104.0 your
14528.0 17776.0 256.0 104.0 two
14848.0 17772.0 500.0 116.0 children

12668.0 17952.0 404.0 84.0 seems
13172.0 17928.0 512.0 132.0 enough.

12812.0 18256.0 404.0 112.0 Rome
13292.0 18272.0 464.0 120.0 reports
13824.0 18264.0 468.0 112.0 Fascist
14372.0 18272.0 732.0 112.0 excitement
15168.0 18276.0 140.0 112.0 be-

12668.0 18452.0 376.0 88.0 cause
13196.0 18424.0 476.0 136.0 "Japan
13808.0 18460.0 540.0 88.0 assumes
14500.0 18436.0 220.0 120.0 the
14860.0 18444.0 240.0 116.0 role
15220.0 18440.0 128.0 116.0 of

12664.0 18592.0 768.0 132.0 Abyssinian
13512.0 18596.0 716.0 136.0 champion."

12812.0 18796.0 768.0 120.0 Mussolini's
13704.0 18832.0 320.0 100.0 press
14156.0 18832.0 300.0 108.0 says
14596.0 18808.0 392.0 136.0 Japan
15108.0 18820.0 236.0 108.0 sets

12668.0 18964.0 484.0 108.0 herself
13272.0 18996.0 164.0 100.0 up
13548.0 18996.0 136.0 84.0 as
13784.0 18972.0 396.0 112.0 leader
14292.0 18968.0 148.0 116.0 of
14564.0 18976.0 456.0 116.0 Asiatic
15124.0 18984.0 220.0 108.0 and

12672.0 19128.0 524.0 116.0 African
13308.0 19136.0 504.0 132.0 peoples,
13904.0 19140.0 560.0 132.0 "against
14564.0 19144.0 216.0 112.0 the
14872.0 19148.0 432.0 116.0 civiliza-

12672.0 19296.0 264.0 108.0 tion
13016.0 19300.0 260.0 108.0 and
13360.0 19300.0 452.0 112.0 culture
13884.0 19304.0 132.0 112.0 of
14092.0 19304.0 208.0 116.0 the
14384.0 19308.0 392.0 108.0 white
14856.0 19312.0 360.0 116.0 race."

12812.0 19504.0 100.0 104.0 A
13080.0 19504.0 488.0 112.0 Fascist
13708.0 19532.0 696.0 112.0 newspaper
14532.0 19516.0 312.0 108.0 calls
14976.0 19520.0 368.0 132.0 Japan

12672.0 19664.0 284.0 116.0 "the
13076.0 19692.0 440.0 116.0 enemy
13620.0 19676.0 128.0 108.0 of
13836.0 19672.0 476.0 140.0 Europe
14432.0 19684.0 252.0 108.0 and
14800.0 19688.0 544.0 128.0 America,

12676.0 19840.0 656.0 132.0 dreaming
13448.0 19840.0 132.0 108.0 of
13688.0 19844.0 352.0 112.0 world
14156.0 19848.0 728.0 132.0 conquest."
15052.0 19856.0 296.0 112.0 That

12672.0 20028.0 412.0 84.0 seems
13148.0 20012.0 144.0 108.0 to
13356.0 20008.0 148.0 108.0 be
13564.0 20032.0 72.0 84.0 a
13696.0 20008.0 216.0 132.0 keg
13972.0 20012.0 128.0 108.0 of
14160.0 20016.0 520.0 128.0 powder
14748.0 20020.0 276.0 112.0 with
15084.0 20028.0 260.0 132.0 only

12668.0 20188.0 76.0 88.0 a
12820.0 20172.0 400.0 128.0 spark
13292.0 20168.0 504.0 136.0 lacking.

12820.0 20504.0 676.0 120.0 Scientists
13560.0 20512.0 944.0 136.0 experimenting
14584.0 20520.0 292.0 112.0 with
14948.0 20528.0 396.0 128.0 guinea

12672.0 20668.0 276.0 132.0 pigs
13076.0 20672.0 304.0 112.0 take
13492.0 20700.0 224.0 84.0 one
13800.0 20704.0 132.0 84.0 or
14044.0 20684.0 204.0 108.0 ten
14368.0 20708.0 152.0 88.0 or
14644.0 20708.0 76.0 88.0 a
14840.0 20688.0 504.0 116.0 hundred

12672.0 20840.0 464.0 124.0 guinea
13224.0 20840.0 304.0 132.0 pigs,
13612.0 20868.0 340.0 84.0 never
14032.0 20848.0 160.0 108.0 all
14288.0 20848.0 220.0 112.0 the
14596.0 20856.0 428.0 128.0 guinea
15100.0 20864.0 248.0 132.0 pigs

12664.0 21008.0 140.0 108.0 at
12884.0 21032.0 356.0 88.0 once.

12812.0 21204.0 520.0 140.0 College
13412.0 21212.0 684.0 132.0 professors,
14180.0 21224.0 388.0 104.0 union
14652.0 21224.0 332.0 112.0 labor
15056.0 21228.0 244.0 112.0 lead-

12668.0 21400.0 208.0 84.0 ers
12948.0 21376.0 676.0 112.0 convinced
13688.0 21380.0 124.0 112.0 of
13872.0 21376.0 316.0 120.0 their
14252.0 21384.0 456.0 136.0 ability
14780.0 21392.0 124.0 112.0 to
14968.0 21396.0 376.0 116.0 Invent

12668.0 21564.0 76.0 88.0 a
12860.0 21540.0 428.0 112.0 better
13400.0 21556.0 780.0 124.0 government,
14300.0 21556.0 692.0 128.0 gentlemen
15100.0 21568.0 248.0 108.0 who

12668.0 21708.0 492.0 116.0 believe
13260.0 21716.0 128.0 108.0 In
13488.0 21740.0 144.0 84.0 no
13724.0 21728.0 784.0 124.0 government
14616.0 21728.0 132.0 104.0 at
14848.0 21728.0 184.0 128.0 all,
15124.0 21728.0 220.0 120.0 an4

12668.0 21880.0 372.0 108.0 other
13160.0 21884.0 956.0 136.0 experimenters,
14244.0 21888.0 456.0 116.0 should
14820.0 21896.0 348.0 112.0 select

12664.0 22044.0 532.0 116.0 definite
13320.0 22052.0 480.0 112.0 number
13912.0 22056.0 132.0 112.0 of
14156.0 22060.0 672.0 112.0 American
14944.0 22064.0 400.0 132.0 guinea

12668.0 22216.0 276.0 132.0 pigs
13064.0 22220.0 216.0 108.0 for
13368.0 22224.0 748.0 128.0 experiment,
14236.0 22232.0 224.0 104.0 not
14576.0 22232.0 520.0 128.0 practice
15196.0 22264.0 144.0 88.0 on

12672.0 22384.0 216.0 112.0 the
12968.0 22384.0 732.0 124.0 130,000,000
13772.0 22388.0 152.0 112.0 all
14004.0 22396.0 128.0 108.0 at
14216.0 22420.0 356.0 84.0 once.

12812.0 22716.0 324.0 116.0 Miss
13244.0 22716.0 592.0 124.0 Margaret
13936.0 22724.0 820.0 132.0 McDermott,
14860.0 22732.0 484.0 132.0 spinster

12668.0 22872.0 296.0 144.0 lady
13084.0 22884.0 148.0 108.0 of
13344.0 22880.0 532.0 136.0 Chicago,
13988.0 22888.0 232.0 112.0 left
14332.0 22888.0 496.0 128.0 $2f5,000
14932.0 22900.0 176.0 108.0 for
15196.0 22928.0 144.0 84.0 aa

12676.0 23048.0 204.0 108.0 old
12972.0 23048.0 340.0 132.0 spitz
13400.0 23048.0 248.0 132.0 dog.
13796.0 23052.0 352.0 140.0 Many
14240.0 23060.0 376.0 112.0 write
14704.0 23072.0 124.0 104.0 to
14904.0 23064.0 188.0 112.0 the
15164.0 23092.0 140.0 88.0 ex-

12672.0 23220.0 512.0 108.0 ecutors
13260.0 23216.0 420.0 132.0 saying
13748.0 23220.0 268.0 136.0 they
14088.0 23224.0 464.0 132.0 simply
14628.0 23228.0 420.0 120.0 "adore
15112.0 23248.0 184.0 100.0 ani-

12672.0 23380.0 436.0 124.0 mals,"
13176.0 23380.0 640.0 140.0 especially
13880.0 23388.0 308.0 132.0 spitz
14260.0 23396.0 352.0 124.0 dogs,
14684.0 23396.0 236.0 116.0 and
14980.0 23400.0 364.0 120.0 would

12668.0 23548.0 256.0 112.0 like
12988.0 23552.0 140.0 104.0 to
13204.0 23552.0 288.0 108.0 take
13548.0 23580.0 264.0 88.0 care
13868.0 23560.0 136.0 104.0 of
14056.0 23560.0 380.0 112.0 "Pet"
14508.0 23564.0 132.0 108.0 In
14708.0 23572.0 392.0 112.0 return
15156.0 23572.0 188.0 112.0 for

12672.0 23716.0 220.0 112.0 the
12976.0 23712.0 488.0 120.0 Income
13544.0 23744.0 144.0 88.0 on
13764.0 23716.0 488.0 132.0 $25,000.

12816.0 23916.0 348.0 112.0 That
13252.0 23920.0 556.0 112.0 'nterests
13892.0 23952.0 260.0 80.0 men
14248.0 23932.0 288.0 108.0 that
14628.0 23936.0 332.0 112.0 leave
15036.0 23944.0 304.0 132.0 large

12668.0 24080.0 596.0 116.0 fortunes
13376.0 24092.0 124.0 108.0 to
13600.0 24088.0 636.0 132.0 daughters
14344.0 24124.0 156.0 84.0 or
14608.0 24124.0 316.0 92.0 sons.
15084.0 24104.0 228.0 116.0 For-

12676.0 24256.0 304.0 108.0 tune
13076.0 24252.0 516.0 116.0 hunters
13676.0 24260.0 288.0 108.0 from
14052.0 24260.0 480.0 112.0 abroad
14632.0 24296.0 212.0 88.0 are
14924.0 24276.0 420.0 136.0 always

12672.0 24424.0 392.0 128.0 ready
13172.0 24428.0 132.0 104.0 to
13388.0 24424.0 360.0 132.0 spend
13840.0 24452.0 424.0 112.0 money
14368.0 24432.0 248.0 108.0 left
14720.0 24444.0 124.0 100.0 to
14936.0 24436.0 360.0 136.0 daugh-

12672.0 24596.0 300.0 120.0 ters,
13084.0 24592.0 252.0 116.0 and
13436.0 24592.0 584.0 136.0 scheming
14120.0 24596.0 448.0 128.0 ladles,
14680.0 24600.0 440.0 140.0 foreign
15212.0 24636.0 128.0 84.0 or

12676.0 24756.0 472.0 128.0 native,
13224.0 24788.0 220.0 84.0 are
13508.0 24760.0 348.0 128.0 ready
13924.0 24772.0 124.0 104.0 to
14120.0 24764.0 300.0 132.0 help
14492.0 24796.0 76.0 80.0 a
14648.0 24796.0 380.0 108.0 young
15092.0 24804.0 208.0 100.0 gen-

12676.0 24928.0 472.0 108.0 tleman
13248.0 24928.0 372.0 128.0 spend
13704.0 24928.0 180.0 116.0 his
13968.0 24928.0 632.0 116.0 Inherited
14696.0 24964.0 428.0 108.0 money,
15208.0 24968.0 132.0 88.0 as

12668.0 25096.0 576.0 128.0 recently
13340.0 25092.0 652.0 112.0 Illustrated
14084.0 25104.0 124.0 108.0 In
14308.0 25124.0 76.0 80.0 a
14484.0 25104.0 464.0 108.0 certain
15020.0 25108.0 320.0 132.0 Ryan

12676.0 25280.0 332.0 88.0 case.

12820.0 25584.0 556.0 116.0 Moscow
13468.0 25588.0 664.0 136.0 dispatches
14232.0 25624.0 232.0 104.0 say
14572.0 25608.0 212.0 104.0 the
14880.0 25604.0 464.0 120.0 Soviet's

12676.0 25752.0 380.0 112.0 north
13128.0 25756.0 356.0 132.0 polar
13544.0 25756.0 320.0 132.0 flight
13932.0 25764.0 316.0 108.0 from
14324.0 25760.0 544.0 116.0 Moscow
14932.0 25780.0 116.0 104.0 to
15116.0 25776.0 228.0 112.0 San

12680.0 25920.0 684.0 112.0 Francisco
13432.0 25948.0 256.0 108.0 may
13752.0 25936.0 300.0 108.0 start
14116.0 25956.0 252.0 108.0 any
14444.0 25932.0 284.0 132.0 day.
14868.0 25936.0 104.0 112.0 If
15028.0 25940.0 320.0 112.0 thret

12676.0 26084.0 560.0 112.0 Russian
13348.0 26088.0 432.0 108.0 airmen
13892.0 26096.0 344.0 108.0 make
14352.0 26096.0 292.0 112.0 that
14740.0 26096.0 608.0 128.0 6,000-mile

12676.0 26252.0 408.0 132.0 flight,
13192.0 26260.0 540.0 128.0 nonstop,
13832.0 26260.0 304.0 108.0 from
14252.0 26260.0 552.0 112.0 Moscov
14904.0 26276.0 112.0 104.0 to
15116.0 26276.0 224.0 108.0 San

12676.0 26420.0 688.0 112.0 Francisco
13452.0 26428.0 820.0 132.0 successfully,
14380.0 26428.0 264.0 112.0 San
14744.0 26436.0 600.0 116.0 Francisco

12676.0 26584.0 252.0 112.0 will
13076.0 26588.0 168.0 116.0 be
13372.0 26588.0 668.0 140.0 Interested,
14176.0 26600.0 252.0 108.0 and
14560.0 26600.0 784.0 140.0 Washington.

12676.0 26756.0 148.0 108.0 D.
12928.0 26752.0 180.0 128.0 C
13216.0 26756.0 368.0 128.0 ought
13680.0 26768.0 120.0 104.0 to
13892.0 26756.0 144.0 116.0 be
14132.0 26764.0 724.0 116.0 Interested.

12820.0 26960.0 280.0 112.0 The
13180.0 26968.0 752.0 120.0 government
14012.0 26968.0 400.0 132.0 might
14488.0 27000.0 308.0 84.0 even
14876.0 26980.0 464.0 112.0 interest

12668.0 27124.0 372.0 116.0 Itself
13160.0 27124.0 128.0 112.0 In
13408.0 27124.0 512.0 140.0 building
14036.0 27164.0 344.0 80.0 some
14508.0 27136.0 768.0 132.0 long-'-tanc

12672.0 27300.0 492.0 132.0 planes.

13148.0 27464.0 92.0 100.0 O
13284.0 27464.0 264.0 92.0 Kinf
13592.0 27468.0 468.0 80.0 Features
14108.0 27468.0 612.0 100.0 Syndicate,
14764.0 27472.0 196.0 100.0 lac,

13644.0 27572.0 92.0 84.0 W
13764.0 27572.0 164.0 88.0 .N'U
13968.0 27572.0 460.0 84.0 SarTloa.

16240.0 856.0 564.0 196.0 Friday,
16876.0 896.0 692.0 192.0 Angast9
17664.0 1016.0 228.0 152.0 ir.

16188.0 1392.0 672.0 336.0 Sally
17004.0 1440.0 324.0 284.0 Se,

15668.0 6288.0 184.0 96.0 AH
15940.0 6292.0 392.0 92.0 caKlal
16404.0 6300.0 308.0 104.0 people
16792.0 6308.0 188.0 92.0 like
17056.0 6324.0 100.0 84.0 to
17236.0 6356.0 180.0 52.0 dot

15664.0 6444.0 224.0 96.0 Tha
15972.0 6448.0 408.0 104.0 product
16556.0 6452.0 44.0 92.0 (
16676.0 6456.0 156.0 92.0 the
16904.0 6464.0 300.0 116.0 Wert,

15660.0 6596.0 328.0 96.0 Their
16056.0 6600.0 368.0 104.0 quality
16484.0 6600.0 80.0 96.0 b
16624.0 6608.0 236.0 104.0 good
16920.0 6612.0 428.0 124.0 becaoae.

15668.0 6748.0 444.0 108.0 They're
16188.0 6752.0 264.0 92.0 made
16512.0 6760.0 100.0 84.0 ta
16668.0 6764.0 284.0 92.0 rtand
17016.0 6772.0 164.0 92.0 the
17244.0 6784.0 216.0 104.0 teat.

15704.0 6972.0 384.0 100.0 LETS
16168.0 6976.0 684.0 108.0 PATRONIZE
16924.0 6992.0 364.0 108.0 BOMB
17356.0 7016.0 516.0 132.0 DJDU8TRI

16324.0 8152.0 412.0 144.0 Dover,
16820.0 8156.0 612.0 144.0 Delaware

15812.0 8336.0 572.0 112.0 Kaaaed
16512.0 8336.0 152.0 136.0 by
16788.0 8340.0 532.0 128.0 Wffllajn
17456.0 8372.0 280.0 120.0 Pan
17840.0 8400.0 84.0 112.0 &

15660.0 8492.0 356.0 128.0 163.
16120.0 8492.0 100.0 112.0 ft
16312.0 8512.0 236.0 92.0 vs
16676.0 8504.0 212.0 108.0 not
17016.0 8512.0 308.0 112.0 until
17420.0 8524.0 236.0 120.0 1717
17736.0 8544.0 188.0 116.0 thai

15660.0 8644.0 480.0 132.0 Dorer,
16252.0 8644.0 280.0 136.0 DeL,
16752.0 8676.0 132.0 84.0 aa
17004.0 8652.0 244.0 124.0 laid
17364.0 8680.0 220.0 112.0 oat
17684.0 8688.0 240.0 132.0 Psa,

15660.0 8796.0 624.0 128.0 Aaalsnsd
16392.0 8800.0 100.0 116.0 It
16592.0 8804.0 128.0 112.0 to
16832.0 8804.0 156.0 120.0 be
17108.0 8816.0 208.0 116.0 the
17424.0 8848.0 276.0 108.0 moat
17788.0 8852.0 116.0 120.0 Im-

15660.0 8960.0 536.0 124.0 portant
16248.0 8960.0 308.0 108.0 town
16612.0 8956.0 128.0 112.0 of
16792.0 8960.0 216.0 116.0 the
17068.0 8984.0 424.0 128.0 county
17528.0 8992.0 108.0 108.0 0!
17668.0 8996.0 264.0 128.0 Kelt

15660.0 9108.0 156.0 116.0 ht
15916.0 9108.0 300.0 112.0 1722
16292.0 9108.0 200.0 116.0 tha
16568.0 9120.0 324.0 108.0 state
16968.0 9120.0 416.0 144.0 house,
17456.0 9136.0 272.0 128.0 later
17784.0 9160.0 100.0 116.0 ft

15656.0 9268.0 372.0 108.0 State
16116.0 9260.0 432.0 128.0 capital
16628.0 9268.0 236.0 112.0 and
16944.0 9276.0 368.0 132.0 today
17388.0 9288.0 184.0 116.0 tat
17644.0 9308.0 292.0 128.0 oldest

15740.0 9416.0 392.0 116.0 dlflee
16208.0 9416.0 128.0 116.0 of
16404.0 9416.0 156.0 116.0 Its
16624.0 9424.0 284.0 128.0 type
16980.0 9424.0 128.0 116.0 In
17184.0 9432.0 376.0 128.0 pabho
17620.0 9476.0 120.0 88.0 u
17844.0 9472.0 36.0 108.0 !

15660.0 9572.0 236.0 112.0 the
15956.0 9568.0 456.0 116.0 Ualte4
16468.0 9572.0 392.0 116.0 States
16920.0 9604.0 256.0 92.0 was
17228.0 9592.0 316.0 124.0 built
17596.0 9604.0 112.0 120.0 In
17752.0 9624.0 160.0 108.0 nk-

15664.0 9728.0 564.0 124.0 sequent
16380.0 9752.0 340.0 108.0 years
16880.0 9728.0 496.0 128.0 Dover's
17524.0 9752.0 364.0 136.0 "Grea

15664.0 9904.0 380.0 88.0 came
16152.0 9884.0 132.0 108.0 to
16376.0 9880.0 140.0 112.0 be
16608.0 9892.0 748.0 120.0 sarroundea
17452.0 9900.0 136.0 136.0 by
17676.0 9916.0 260.0 124.0 hud.

15660.0 10060.0 380.0 88.0 some
16140.0 10032.0 436.0 120.0 homes.
16744.0 10036.0 568.0 140.0 Through
17408.0 10060.0 124.0 108.0 th
17680.0 10068.0 236.0 128.0 hur-

15656.0 10192.0 500.0 124.0 renins
16256.0 10188.0 492.0 116.0 decades
16852.0 10196.0 352.0 120.0 these
17308.0 10208.0 260.0 112.0 horn
17716.0 10224.0 224.0 128.0 hart

15732.0 10336.0 400.0 140.0 lowly
16200.0 10344.0 632.0 132.0 developed
16916.0 10352.0 268.0 112.0 Into
17260.0 10384.0 532.0 116.0 museums
17892.0 10396.0 48.0 108.0 t

15660.0 10496.0 332.0 128.0 algb.
16060.0 10496.0 584.0 136.0 standing,
16708.0 10504.0 300.0 116.0 with
17068.0 10508.0 320.0 120.0 their
17436.0 10520.0 504.0 128.0 fnrttltari

15664.0 10648.0 360.0 116.0 their
16108.0 10652.0 448.0 128.0 fittings
16624.0 10660.0 240.0 112.0 and
16944.0 10660.0 324.0 116.0 their
17344.0 10684.0 212.0 104.0 art.

15644.0 10984.0 480.0 148.0 THIS
16164.0 10988.0 684.0 152.0 WEEK'S
16892.0 10996.0 536.0 152.0 PRIZE
17468.0 11012.0 460.0 172.0 STORY

15800.0 11492.0 168.0 108.0 Br
16092.0 11492.0 360.0 112.0 barbie
16560.0 11492.0 768.0 112.0 htcmaautata
17444.0 11520.0 196.0 88.0 mi
17776.0 11556.0 176.0 68.0 aw.

15668.0 11612.0 508.0 96.0 efcajnEse
16232.0 11640.0 180.0 84.0 yea
16476.0 11612.0 216.0 112.0 kelp
16756.0 11620.0 272.0 96.0 build
17092.0 11624.0 168.0 96.0 the
17324.0 11624.0 628.0 120.0 taternnDtUi

15736.0 11744.0 392.0 92.0 ranbj
16240.0 11732.0 348.0 92.0 itielre
16668.0 11736.0 392.0 92.0 fruiter
17152.0 11748.0 296.0 96.0 goade
17540.0 11752.0 192.0 92.0 beta
17800.0 11768.0 152.0 88.0 rht

15712.0 11848.0 644.0 100.0 employaeat
16412.0 11860.0 100.0 84.0 ta
16572.0 11876.0 264.0 72.0 Bora
16892.0 11852.0 748.0 108.0 tutcrawutaia
17688.0 11884.0 260.0 96.0 ptoak

15668.0 11968.0 228.0 92.0 aJtd
15996.0 11964.0 228.0 104.0 help
16304.0 11964.0 104.0 96.0 in
16492.0 11964.0 256.0 100.0 law
16908.0 11972.0 572.0 104.0 foandation
17564.0 11988.0 132.0 96.0 fat
17764.0 12020.0 112.0 68.0 no

15668.0 12080.0 224.0 92.0 and
15964.0 12076.0 328.0 100.0 larger
16356.0 12088.0 788.0 104.0 aunitacturina-
17176.0 12088.0 488.0 104.0 tndaatrke
17712.0 12104.0 80.0 96.0 h
17840.0 12120.0 60.0 76.0 P

15672.0 12200.0 800.0 92.0 aatarmnaanUin
16560.0 12212.0 444.0 96.0 country.
17128.0 12208.0 356.0 96.0 Futare
17560.0 12232.0 396.0 92.0 eanana)

15676.0 12320.0 584.0 100.0 Vraaperity
16352.0 12320.0 108.0 88.0 ef
16548.0 12320.0 168.0 92.0 tbe
16812.0 12316.0 756.0 108.0 lntameontala
17652.0 12360.0 300.0 92.0 eouoj

15668.0 12432.0 416.0 100.0 depend
16288.0 12460.0 180.0 76.0 pen
16552.0 12460.0 236.0 76.0 year
16876.0 12440.0 372.0 108.0 baying
17332.0 12456.0 572.0 92.0 mtenaeutet

15672.0 12552.0 316.0 88.0 amaeta
16072.0 12552.0 668.0 92.0 merebindiae.

15996.0 12668.0 520.0 92.0 HAKOLD
16564.0 12672.0 120.0 92.0 V.
16740.0 12672.0 452.0 112.0 McCOT.
17248.0 12676.0 428.0 116.0 Coodiag.
17716.0 12684.0 248.0 112.0 Ihay

16096.0 12956.0 380.0 124.0 Silver
16552.0 12956.0 444.0 124.0 Center
17076.0 12960.0 140.0 124.0 of
17292.0 12964.0 388.0 132.0 Persia

15824.0 13136.0 576.0 136.0 Ispahan,
16488.0 13144.0 204.0 112.0 the
16796.0 13140.0 196.0 120.0 old
17096.0 13148.0 468.0 132.0 capital,
17648.0 13152.0 88.0 112.0 is
17812.0 13180.0 56.0 88.0 t

15660.0 13292.0 692.0 132.0 doubtedly
16408.0 13296.0 192.0 116.0 the
16668.0 13308.0 324.0 104.0 most
17052.0 13304.0 680.0 132.0 Interesting
17776.0 13312.0 180.0 132.0 city

15656.0 13448.0 148.0 108.0 ta
15900.0 13448.0 468.0 116.0 Persia.
16444.0 13448.0 608.0 132.0 Although
17136.0 13452.0 164.0 116.0 its
17384.0 13464.0 564.0 120.0 popnlatloa

15656.0 13600.0 260.0 112.0 has
15996.0 13604.0 540.0 112.0 declined
16612.0 13608.0 324.0 112.0 from
17008.0 13636.0 336.0 92.0 soma
17424.0 13612.0 384.0 128.0 600,080
17864.0 13620.0 84.0 108.0 la

15672.0 13756.0 240.0 112.0 the
15988.0 13756.0 800.0 116.0 Seventeenth
16856.0 13768.0 512.0 124.0 century
17428.0 13772.0 120.0 108.0 to
17604.0 13796.0 64.0 84.0 a
17720.0 13796.0 240.0 92.0 meit

15664.0 13908.0 368.0 116.0 third
16144.0 13912.0 128.0 112.0 of
16360.0 13916.0 260.0 112.0 that
16724.0 13916.0 424.0 132.0 figure,
17252.0 13920.0 204.0 112.0 the
17548.0 13920.0 408.0 132.0 palacei,

15664.0 14064.0 920.0 124.0 golden-domed
16644.0 14092.0 568.0 108.0 mosques
17276.0 14072.0 220.0 116.0 and
17548.0 14076.0 408.0 128.0 gturdeu

15668.0 14220.0 720.0 116.0 associated
16440.0 14224.0 288.0 108.0 with
16784.0 14224.0 168.0 112.0 its
17012.0 14228.0 452.0 108.0 former
17512.0 14232.0 456.0 124.0 splendor

15664.0 14396.0 248.0 88.0 are
15988.0 14372.0 264.0 116.0 still
16320.0 14376.0 592.0 128.0 standing.
17068.0 14384.0 108.0 108.0 It
17252.0 14380.0 108.0 112.0 is
17432.0 14380.0 184.0 112.0 the
17684.0 14380.0 280.0 112.0 sUrer

15680.0 14532.0 460.0 104.0 center
16200.0 14528.0 128.0 112.0 of
16388.0 14532.0 444.0 112.0 Persia.

15664.0 15080.0 72.0 160.0 X
15992.0 15072.0 616.0 156.0 NEXT
16712.0 15072.0 664.0 160.0 TEAR
17468.0 15072.0 276.0 160.0 GO

15664.0 15252.0 72.0 152.0 !;
16836.0 15316.0 168.0 96.0 to

15664.0 15420.0 20.0 296.0 i
15724.0 15448.0 1340.0 280.0 Westminster
17272.0 15472.0 608.0 316.0 College

16120.0 15820.0 312.0 108.0 SALT
16500.0 15824.0 348.0 104.0 LAKE
16932.0 15832.0 336.0 112.0 CITY.
17348.0 15832.0 324.0 100.0 UTAH

16216.0 16012.0 96.0 104.0 A
16372.0 16016.0 348.0 100.0 aVTeag
16780.0 16020.0 368.0 96.0 Joalor
17220.0 16020.0 360.0 108.0 CeDega

15912.0 16204.0 496.0 96.0 Beaotifal
16480.0 16212.0 116.0 92.0 41
16672.0 16236.0 232.0 68.0 acre
16988.0 16236.0 428.0 80.0 eavpoi.
17492.0 16208.0 332.0 96.0 IleeVn

15920.0 16320.0 504.0 108.0 BulUlnge
16536.0 16328.0 192.0 92.0 aad
16844.0 16328.0 628.0 104.0 Eqaipmast.
17612.0 16324.0 208.0 100.0 Httl

15912.0 16440.0 636.0 108.0 Bcbolanalp,
16636.0 16448.0 372.0 108.0 Strong
17100.0 16448.0 508.0 92.0 Character
17676.0 16444.0 148.0 88.0 ui

15908.0 16556.0 328.0 96.0 Social
16328.0 16560.0 688.0 104.0 development.
17116.0 16564.0 368.0 104.0 Special
17580.0 16560.0 244.0 92.0 Mule

15828.0 16744.0 16.0 24.0 .
15912.0 16676.0 276.0 92.0 Work
16248.0 16676.0 156.0 96.0 for
16456.0 16684.0 328.0 88.0 credit.
16848.0 16676.0 460.0 108.0 Pfayaieal
17364.0 16680.0 464.0 92.0 adnata.

15664.0 16812.0 72.0 104.0 )
15920.0 16800.0 236.0 84.0 Law
16212.0 16800.0 220.0 88.0 Celt
16484.0 16800.0 428.0 104.0 Tuition,
16972.0 16800.0 320.0 88.0 Board
17348.0 16800.0 180.0 88.0 and
17588.0 16800.0 240.0 84.0 Bm

15668.0 16888.0 68.0 88.0 9
15912.0 16908.0 112.0 68.0 tm
16112.0 16912.0 468.0 64.0 r.-r.L,.J
16668.0 16916.0 32.0 44.0 1
16996.0 16916.0 192.0 44.0 13.-
17272.0 16912.0 552.0 64.0 X.ra,ltnriM.

15916.0 17028.0 636.0 92.0 GTenimnt
16668.0 17028.0 164.0 104.0 Job
17008.0 17036.0 168.0 92.0 far
17296.0 17028.0 280.0 104.0 seedy
17676.0 17024.0 152.0 92.0 eoi

15912.0 17144.0 384.0 108.0 worthy
16344.0 17144.0 460.0 100.0 itadenta.

16104.0 17332.0 128.0 100.0 H.
16292.0 17332.0 144.0 100.0 W.
16492.0 17336.0 556.0 108.0 KEHEKD,
17116.0 17336.0 272.0 108.0 DJO,
17448.0 17332.0 240.0 100.0 Pra.

16120.0 17840.0 244.0 132.0 The
16416.0 17844.0 512.0 132.0 Natives
16992.0 17848.0 148.0 124.0 of
17200.0 17844.0 444.0 128.0 Chosen

15828.0 18024.0 272.0 124.0 Hie
16224.0 18032.0 376.0 148.0 origin
16724.0 18032.0 136.0 124.0 of
16984.0 18032.0 216.0 124.0 the
17324.0 18028.0 428.0 124.0 natives
17840.0 18016.0 100.0 124.0 ef

15656.0 18168.0 508.0 136.0 Chosen
16268.0 18180.0 100.0 124.0 is
16468.0 18184.0 664.0 124.0 uncertain.
17320.0 18164.0 632.0 148.0 Ethnologic

15652.0 18320.0 328.0 148.0 ally,
16120.0 18328.0 284.0 148.0 they
16536.0 18368.0 208.0 88.0 are
16892.0 18328.0 412.0 128.0 unlike
17440.0 18328.0 516.0 136.0 Japanese)

15660.0 18472.0 548.0 124.0 Chinese
16300.0 18512.0 136.0 88.0 or
16520.0 18480.0 612.0 144.0 Mongols.
17304.0 18476.0 132.0 120.0 In
17528.0 18476.0 424.0 116.0 features

15648.0 18620.0 332.0 148.0 they
16080.0 18628.0 680.0 148.0 frequently
16856.0 18624.0 592.0 132.0 resemble
17540.0 18624.0 380.0 136.0 Europe-

15656.0 18800.0 296.0 112.0 ana,
16036.0 18808.0 292.0 92.0 even
16396.0 18780.0 124.0 120.0 in
16596.0 18776.0 588.0 144.0 coloring.

16012.0 19084.0 664.0 124.0 "Coconut"
16764.0 19084.0 540.0 152.0 Spanish
17388.0 19084.0 352.0 124.0 Name

15820.0 19264.0 272.0 128.0 The
16168.0 19288.0 480.0 116.0 coconut
16720.0 19288.0 284.0 132.0 gets
17084.0 19272.0 172.0 120.0 its
17332.0 19300.0 328.0 92.0 name
17720.0 19256.0 188.0 124.0 tm

15656.0 19408.0 236.0 128.0 the
16072.0 19420.0 500.0 144.0 Spanish
16732.0 19424.0 340.0 120.0 word
17232.0 19452.0 304.0 104.0 coco,
17672.0 19400.0 280.0 124.0 whies

15660.0 19596.0 456.0 96.0 means
16192.0 19576.0 200.0 120.0 the
16460.0 19576.0 268.0 120.0 face
16808.0 19572.0 144.0 124.0 of
17024.0 19608.0 84.0 84.0 a
17184.0 19568.0 512.0 136.0 monkey.
17780.0 19548.0 172.0 120.0 The

15652.0 19720.0 368.0 120.0 word
16104.0 19716.0 108.0 128.0 is
16292.0 19720.0 464.0 148.0 applied
16844.0 19720.0 520.0 124.0 because
17444.0 19712.0 188.0 124.0 the
17700.0 19700.0 252.0 124.0 three

15648.0 19896.0 324.0 104.0 eyes
16060.0 19904.0 152.0 88.0 on
16288.0 19872.0 196.0 120.0 the
16564.0 19880.0 516.0 116.0 coconut
17160.0 19900.0 208.0 88.0 are
17440.0 19892.0 132.0 92.0 so
17644.0 19852.0 304.0 196.0 plj

15644.0 20008.0 316.0 128.0 that
16064.0 20052.0 76.0 88.0 a
16236.0 20020.0 808.0 124.0 resemblance
17148.0 20048.0 224.0 88.0 can
17468.0 20008.0 132.0 120.0 be
17688.0 19988.0 260.0 132.0 noted

15652.0 20168.0 576.0 124.0 between
16296.0 20168.0 100.0 124.0 it
16464.0 20172.0 236.0 120.0 and
16780.0 20204.0 80.0 88.0 a
16936.0 20164.0 552.0 144.0 monkey.

17048.0 20500.0 276.0 192.0 At
17392.0 20484.0 308.0 200.0 400

16912.0 20772.0 516.0 208.0 Utah
17540.0 20752.0 244.0 208.0 Oil

16928.0 21048.0 860.0 220.0 Refining

15672.0 21388.0 516.0 124.0 Service
16244.0 21388.0 532.0 128.0 Stations
16840.0 21388.0 132.0 120.0 in
17036.0 21380.0 324.0 124.0 Utah
17420.0 21356.0 208.0 136.0 and
17688.0 21332.0 264.0 132.0 Mahe

16336.0 21748.0 284.0 124.0 Fish
16696.0 21748.0 268.0 124.0 Can
17044.0 21736.0 368.0 120.0 Taste

15812.0 21928.0 272.0 120.0 The
16164.0 21936.0 312.0 116.0 taste
16564.0 21932.0 128.0 120.0 in
16780.0 21924.0 380.0 124.0 fishes
17248.0 21916.0 108.0 120.0 Is
17436.0 21880.0 352.0 148.0 seated
17856.0 21892.0 84.0 92.0 a

15652.0 22072.0 236.0 128.0 the
16064.0 22108.0 468.0 92.0 mucous
16704.0 22064.0 700.0 128.0 membrane
17556.0 22048.0 120.0 116.0 of

15660.0 22232.0 452.0 116.0 mouth
16204.0 22232.0 216.0 120.0 and
16516.0 22228.0 372.0 124.0 offers
16988.0 22256.0 80.0 80.0 a
17164.0 22208.0 248.0 128.0 fair
17496.0 22212.0 288.0 104.0 sense

15644.0 22372.0 972.0 128.0 discrimination
16716.0 22376.0 128.0 120.0 in
16952.0 22368.0 220.0 120.0 the
17272.0 22388.0 668.0 112.0 t.r.

15648.0 22524.0 364.0 124.0 forvi,
16180.0 22528.0 232.0 116.0 The
16504.0 22520.0 708.0 124.0 membrane
17304.0 22508.0 104.0 116.0 is
17500.0 22488.0 448.0 120.0 senna"

15640.0 22668.0 312.0 124.0 well
16028.0 22684.0 208.0 112.0 out
16300.0 22684.0 124.0 112.0 to
16492.0 22672.0 208.0 120.0 the
16772.0 22668.0 320.0 140.0 edge
17168.0 22652.0 132.0 124.0 of
17368.0 22648.0 196.0 120.0 the
17628.0 22632.0 308.0 116.0 mouu

15644.0 22824.0 268.0 120.0 and
15976.0 22832.0 216.0 112.0 not
16252.0 22820.0 524.0 124.0 confined
16840.0 22828.0 140.0 112.0 to
17048.0 22804.0 208.0 124.0 the
17320.0 22808.0 400.0 120.0 tongue
17772.0 22788.0 164.0 92.0 m

15648.0 22972.0 456.0 120.0 mouth
16168.0 22972.0 424.0 140.0 cavity.

15768.0 23352.0 336.0 268.0 S3
16184.0 23292.0 1696.0 324.0 00---r2

15784.0 23700.0 768.0 92.0 lnterneaaUia
16648.0 23696.0 280.0 88.0 made
17028.0 23668.0 368.0 108.0 Goodi"
17428.0 23700.0 104.0 32.0 -
17740.0 23652.0 132.0 68.0 ""

15780.0 23828.0 112.0 76.0 te
15960.0 23820.0 320.0 84.0 aboTe.
16400.0 23812.0 248.0 96.0 Send
16716.0 23832.0 244.0 84.0 roar
17024.0 23816.0 272.0 72.0 etory
17356.0 23788.0 96.0 84.0 ta
17576.0 23788.0 264.0 140.0 '"c.

15784.0 23960.0 288.0 60.0 Terea
16156.0 23952.0 96.0 68.0 ta
16344.0 23952.0 776.0 68.0 Interaiouiiiain
17220.0 23952.0 48.0 48.0 r
17300.0 23952.0 100.0 40.0 '"
17580.0 23952.0 60.0 112.0 :,"
17804.0 23968.0 64.0 88.0 If

15864.0 24076.0 200.0 72.0 ma,
16124.0 24064.0 96.0 76.0 r.
16264.0 24064.0 100.0 72.0 O.
16412.0 24064.0 188.0 72.0 Boi
16664.0 24064.0 164.0 72.0 I5
16952.0 24064.0 216.0 64.0 can

16952.0 24032.0 216.0 96.0 Bait
17236.0 24020.0 244.0 96.0 Lake
17528.0 24016.0 212.0 76.0 Cltf.

17248.0 24112.0 624.0 336.0 $3.00

15784.0 24188.0 252.0 80.0 year
16156.0 24176.0 248.0 88.0 etory
16532.0 24180.0 416.0 84.0 appeara

15780.0 24284.0 216.0 84.0 this
16060.0 24280.0 360.0 92.0 column
16492.0 24300.0 180.0 80.0 yoa
16752.0 24280.0 196.0 80.0 will

15776.0 24416.0 276.0 72.0 eeive
16124.0 24416.0 212.0 72.0 thee
16468.0 24416.0 40.0 72.0 i

15808.0 25048.0 352.0 124.0 Must
16228.0 25048.0 368.0 120.0 Know
16668.0 25036.0 500.0 128.0 Science
17240.0 25012.0 132.0 128.0 of
17444.0 24980.0 392.0 144.0 MiniuJ

15812.0 25232.0 516.0 144.0 Mining,
16396.0 25240.0 128.0 112.0 to
16592.0 25224.0 152.0 124.0 be
16820.0 25184.0 668.0 160.0 successful
17548.0 25184.0 244.0 108.0 even
17848.0 25164.0 84.0 88.0 a

15636.0 25416.0 92.0 88.0 a
15804.0 25380.0 364.0 120.0 small
16232.0 25384.0 460.0 140.0 degree,
16756.0 25360.0 552.0 148.0 requires
17368.0 25340.0 304.0 200.0 fajow

15636.0 25532.0 160.0 120.0 of
15872.0 25532.0 544.0 140.0 geology,
16476.0 25520.0 756.0 128.0 metallurgy
17296.0 25484.0 220.0 128.0 and
17576.0 25488.0 184.0 104.0 exr-

15720.0 25712.0 284.0 100.0 nee,
16084.0 25680.0 364.0 120.0 which
16532.0 25672.0 452.0 120.0 cannot
17068.0 25656.0 148.0 120.0 be
17296.0 25648.0 356.0 124.0 acqiu
17840.0 25636.0 88.0 60.0 "

15644.0 25860.0 96.0 88.0 a
15820.0 25828.0 360.0 124.0 short
16256.0 25860.0 348.0 112.0 space
16684.0 25820.0 144.0 120.0 of
16904.0 25808.0 344.0 124.0 time.

16320.0 26124.0 336.0 120.0 Have
16716.0 26128.0 144.0 108.0 to
16916.0 26100.0 336.0 128.0 Take
17312.0 26084.0 116.0 120.0 It
17684.0 26232.0 28.0 60.0 (

15820.0 26316.0 340.0 112.0 -Toe
16248.0 26324.0 196.0 124.0 got
16524.0 26320.0 136.0 108.0 to
16752.0 26308.0 152.0 108.0 be
16996.0 26320.0 80.0 88.0 a
17172.0 26260.0 288.0 148.0 food
17544.0 26244.0 376.0 128.0 l?

15656.0 26472.0 332.0 116.0 deae
16140.0 26476.0 396.0 136.0 days."
16696.0 26456.0 280.0 124.0 said
17148.0 26424.0 368.0 132.0 Uncle

15664.0 26636.0 76.0 56.0 -
15784.0 26636.0 444.0 116.0 Taln't
16300.0 26664.0 152.0 84.0 no
16528.0 26656.0 216.0 88.0 nee
16828.0 26628.0 136.0 104.0 to
17044.0 26600.0 260.0 116.0 talk
17388.0 26584.0 268.0 108.0 bad
17728.0 26584.0 92.0 64.0 w

15660.0 26800.0 372.0 112.0 radio
16116.0 26800.0 276.0 112.0 set"

15892.0 27124.0 192.0 116.0 Aa
16152.0 27120.0 544.0 132.0 Average
16764.0 27084.0 484.0 140.0 Family
17316.0 27068.0 116.0 116.0 ia
17496.0 27024.0 316.0 252.0 C-J,

15808.0 27268.0 264.0 120.0 The
16120.0 27296.0 504.0 108.0 average
16676.0 27244.0 452.0 136.0 family
17180.0 27260.0 120.0 88.0 in

15644.0 27416.0 448.0 112.0 State,
16168.0 27412.0 644.0 148.0 comprises
16892.0 27392.0 256.0 116.0 4.01
17236.0 27340.0 472.0 152.0 indir.du

17328.0 1584.0 132.0 152.0 z

17768.0 6228.0 32.0 28.0 .
