18352 28632
5520.0 1040.0 3648.0 1136.0 Park

10528.0 1192.0 808.0 328.0 ITT)

1792.0 1408.0 528.0 560.0 1
2640.0 1392.0 1584.0 608.0 OIL

10672.0 1520.0 32.0 48.0 4
10752.0 1520.0 48.0 48.0 3
11248.0 1520.0 64.0 48.0 .i

444.0 2548.0 1088.0 200.0 rTFTT-SIXTII
1608.0 2536.0 632.0 148.0 YEAR.

1928.0 3656.0 772.0 348.0 Dad's

1744.0 4212.0 1072.0 352.0 Column

308.0 5332.0 20.0 96.0 ;
412.0 5352.0 324.0 120.0 riBSl
800.0 5332.0 164.0 108.0 AT
1028.0 5316.0 376.0 104.0 HOME

408.0 5416.0 44.0 72.0 1
976.0 5468.0 204.0 116.0 (By
1228.0 5452.0 496.0 100.0 EDGAR
1796.0 5452.0 556.0 132.0 GUEST)

408.0 5648.0 108.0 104.0 At
560.0 5636.0 172.0 96.0 the
788.0 5620.0 388.0 92.0 corner,
1236.0 5596.0 204.0 112.0 day
1504.0 5588.0 160.0 116.0 by
1732.0 5592.0 292.0 116.0 day,

308.0 5740.0 24.0 72.0 i
408.0 5796.0 156.0 92.0 For
616.0 5764.0 156.0 104.0 nis
828.0 5744.0 356.0 104.0 father
1236.0 5732.0 136.0 96.0 he
1436.0 5728.0 416.0 96.0 would
1924.0 5732.0 308.0 120.0 stay.

308.0 5892.0 28.0 72.0 :
408.0 5908.0 256.0 120.0 Hand
740.0 5896.0 112.0 96.0 in
924.0 5872.0 296.0 104.0 hand
1296.0 5864.0 400.0 120.0 they'd
1792.0 5868.0 336.0 100.0 walk
2208.0 5872.0 200.0 104.0 the
2480.0 5872.0 368.0 112.0 street.

304.0 6016.0 20.0 12.0 '
396.0 6064.0 256.0 100.0 Then
708.0 6040.0 280.0 96.0 away
1040.0 6032.0 144.0 76.0 on
1232.0 6004.0 368.0 120.0 flying
1664.0 6004.0 284.0 96.0 feet

480.0 6224.0 44.0 72.0 e
568.0 6164.0 324.0 116.0 would
940.0 6168.0 236.0 80.0 race
1224.0 6144.0 220.0 100.0 and
1496.0 6144.0 320.0 92.0 turn
1876.0 6144.0 396.0 100.0 about

308.0 6320.0 20.0 52.0 i
920.0 6284.0 248.0 108.0 beat
1224.0 6300.0 220.0 104.0 you
1504.0 6280.0 388.0 96.0 home
1924.0 6280.0 68.0 100.0 !'
2096.0 6284.0 260.0 104.0 he'd
2412.0 6288.0 364.0 104.0 shout.

400.0 6544.0 164.0 104.0 Oh,
620.0 6540.0 108.0 80.0 so
792.0 6504.0 300.0 104.0 often
1156.0 6492.0 120.0 96.0 In
1336.0 6488.0 208.0 96.0 the
1624.0 6488.0 440.0 120.0 gloam

400.0 6684.0 264.0 104.0 Came
716.0 6648.0 248.0 104.0 that
1024.0 6632.0 248.0 100.0 call:
1340.0 6624.0 248.0 100.0 "I'll
1664.0 6628.0 308.0 100.0 beat
2044.0 6652.0 236.0 100.0 you
2344.0 6636.0 428.0 112.0 home!"

316.0 6800.0 12.0 32.0 '
400.0 6812.0 188.0 104.0 And
636.0 6788.0 244.0 108.0 that
928.0 6772.0 356.0 104.0 father
1344.0 6784.0 360.0 80.0 never
1772.0 6768.0 372.0 96.0 knew

308.0 6944.0 20.0 64.0 ;
396.0 6964.0 204.0 96.0 Hoff
652.0 6920.0 244.0 108.0 that
956.0 6908.0 432.0 104.0 curious
1452.0 6904.0 392.0 116.0 fancy
1920.0 6924.0 344.0 100.0 grew,

308.0 7092.0 20.0 76.0 ;
404.0 7100.0 208.0 104.0 vrny
660.0 7068.0 112.0 104.0 of
824.0 7048.0 312.0 128.0 speed
1192.0 7044.0 256.0 96.0 that
1504.0 7044.0 516.0 96.0 sudden
2088.0 7044.0 324.0 104.0 burst

392.0 7220.0 236.0 116.0 3acfc
676.0 7208.0 112.0 100.0 at
840.0 7200.0 316.0 96.0 home
1204.0 7188.0 120.0 92.0 to
1380.0 7180.0 144.0 96.0 be
1584.0 7180.0 244.0 100.0 the
1892.0 7184.0 324.0 100.0 first.

388.0 7436.0 156.0 108.0 Oft
596.0 7428.0 128.0 96.0 he
776.0 7388.0 560.0 116.0 wondered
1392.0 7388.0 344.0 100.0 what
1804.0 7388.0 120.0 100.0 It
1996.0 7396.0 400.0 104.0 meant

304.0 7552.0 20.0 96.0 ;
392.0 7576.0 112.0 104.0 0f
560.0 7552.0 248.0 120.0 nigh
868.0 7536.0 440.0 120.0 rapture
1372.0 7548.0 136.0 76.0 or
1584.0 7528.0 580.0 116.0 content,

304.0 7672.0 20.0 116.0 ;
388.0 7704.0 236.0 112.0 That
680.0 7696.0 136.0 92.0 he
872.0 7680.0 384.0 108.0 always
1316.0 7660.0 372.0 100.0 broke
1764.0 7684.0 356.0 108.0 away

304.0 7808.0 20.0 108.0 i
388.0 7856.0 108.0 100.0 At
548.0 7844.0 176.0 96.0 the
784.0 7812.0 396.0 116.0 ending
1244.0 7804.0 120.0 100.0 of
1432.0 7804.0 228.0 96.0 the
1732.0 7804.0 300.0 120.0 day,

308.0 8016.0 4.0 16.0 '
384.0 7980.0 196.0 112.0 And
640.0 7956.0 276.0 112.0 went
980.0 7948.0 364.0 112.0 racing
1412.0 7944.0 132.0 96.0 to
1624.0 7940.0 248.0 100.0 the
1956.0 7948.0 288.0 96.0 door

296.0 8064.0 32.0 112.0 ?
380.0 8128.0 124.0 100.0 to
544.0 8116.0 120.0 96.0 be
708.0 8088.0 240.0 112.0 first
1000.0 8084.0 120.0 100.0 at
1160.0 8084.0 336.0 96.0 home
1544.0 8092.0 332.0 84.0 once
1932.0 8100.0 360.0 84.0 more.

384.0 8336.0 204.0 100.0 Now
636.0 8304.0 216.0 108.0 he's
908.0 8308.0 300.0 108.0 gone,
1264.0 8284.0 228.0 104.0 and
1560.0 8304.0 144.0 80.0 as
1772.0 8284.0 324.0 128.0 they
2156.0 8312.0 296.0 108.0 weep

308.0 8456.0 12.0 72.0 i
380.0 8476.0 160.0 100.0 por
584.0 8452.0 180.0 104.0 the
816.0 8436.0 204.0 120.0 boy
1072.0 8432.0 256.0 112.0 they
1384.0 8424.0 580.0 104.0 couldn't
2020.0 8432.0 324.0 124.0 keep,

380.0 8612.0 104.0 100.0 m
528.0 8600.0 156.0 100.0 his
732.0 8584.0 356.0 112.0 happy
1140.0 8564.0 504.0 104.0 childish
1716.0 8584.0 220.0 104.0 cry

300.0 8704.0 24.0 96.0 ':
380.0 8724.0 344.0 128.0 They'll
776.0 8712.0 236.0 104.0 find
1064.0 8704.0 480.0 100.0 comfort
1608.0 8700.0 172.0 124.0 by
1848.0 8704.0 264.0 104.0 and
2164.0 8704.0 184.0 128.0 by.

380.0 8888.0 124.0 96.0 He
552.0 8880.0 184.0 92.0 has
796.0 8848.0 432.0 108.0 hurried
1288.0 8864.0 160.0 76.0 on
1516.0 8840.0 456.0 104.0 before

376.0 9024.0 120.0 88.0 To
536.0 9016.0 116.0 92.0 be
700.0 8988.0 300.0 108.0 "first
1052.0 8984.0 116.0 100.0 at
1212.0 8976.0 420.0 108.0 home"
1692.0 8996.0 332.0 88.0 once
2076.0 8996.0 340.0 96.0 more.

296.0 9100.0 132.0 128.0 r
1372.0 9116.0 104.0 116.0 s
1552.0 9116.0 116.0 108.0 if;

476.0 9264.0 396.0 120.0 THERE
980.0 9256.0 124.0 100.0 IS
1204.0 9272.0 152.0 80.0 no
1468.0 9252.0 576.0 120.0 lobbyist
2152.0 9252.0 264.0 104.0 that
2516.0 9256.0 208.0 104.0 has
2828.0 9284.0 136.0 80.0 so

296.0 9436.0 24.0 68.0 ?
372.0 9420.0 280.0 108.0 much
724.0 9412.0 340.0 116.0 power
1132.0 9408.0 252.0 84.0 over
1464.0 9388.0 628.0 120.0 Congress
2172.0 9416.0 124.0 76.0 as
2364.0 9396.0 192.0 100.0 Mr.
2632.0 9400.0 328.0 100.0 Wea-

372.0 9572.0 200.0 96.0 ther
644.0 9552.0 280.0 96.0 Man.
1000.0 9532.0 304.0 96.0 Time
1388.0 9528.0 328.0 96.0 after
1812.0 9528.0 324.0 100.0 time
2220.0 9532.0 124.0 100.0 la
2416.0 9536.0 196.0 100.0 the
2688.0 9540.0 276.0 116.0 past

308.0 9664.0 12.0 112.0 !
368.0 9712.0 112.0 96.0 he
520.0 9700.0 184.0 96.0 has
752.0 9680.0 268.0 96.0 been
1072.0 9668.0 192.0 100.0 the
1316.0 9668.0 684.0 100.0 dominant
2052.0 9672.0 364.0 100.0 factor
2464.0 9676.0 124.0 96.0 In
2636.0 9672.0 324.0 124.0 tight

296.0 9828.0 20.0 92.0 i
372.0 9824.0 524.0 132.0 legislative
996.0 9808.0 376.0 120.0 fights,
1484.0 9808.0 268.0 96.0 and
1876.0 9808.0 268.0 100.0 this
2248.0 9828.0 248.0 104.0 year
2588.0 9808.0 104.0 104.0 Is
2792.0 9832.0 168.0 80.0 no

296.0 9924.0 16.0 140.0 !
368.0 9960.0 532.0 128.0 exception.
976.0 9944.0 772.0 116.0 Washington
1848.0 9944.0 116.0 96.0 Is
2048.0 9948.0 412.0 100.0 known
2532.0 9948.0 176.0 100.0 for
2796.0 9952.0 168.0 100.0 Its

368.0 10100.0 512.0 116.0 humidity,
932.0 10088.0 356.0 96.0 which
1348.0 10080.0 436.0 100.0 makes
1852.0 10084.0 116.0 96.0 It
2032.0 10088.0 632.0 120.0 something
2724.0 10084.0 232.0 104.0 less

288.0 10252.0 24.0 76.0 1
368.0 10256.0 232.0 100.0 than
652.0 10260.0 64.0 80.0 a
772.0 10224.0 484.0 132.0 pleasant
1316.0 10240.0 568.0 76.0 summer
1952.0 10220.0 392.0 116.0 resort,
2404.0 10228.0 212.0 96.0 and
2680.0 10228.0 276.0 120.0 July

300.0 10396.0 12.0 84.0 ;
364.0 10400.0 156.0 88.0 4tn
576.0 10384.0 88.0 96.0 is
724.0 10364.0 420.0 116.0 usually
1208.0 10360.0 200.0 96.0 the
1480.0 10360.0 608.0 96.0 deadline
2152.0 10364.0 176.0 96.0 for
2392.0 10380.0 72.0 80.0 a
2524.0 10364.0 436.0 100.0 session

288.0 10520.0 24.0 104.0 L.
364.0 10532.0 88.0 96.0 of
504.0 10524.0 516.0 104.0 Congress.
1084.0 10504.0 216.0 96.0 Hot
1364.0 10504.0 560.0 92.0 weather
1992.0 10520.0 240.0 76.0 was
2292.0 10504.0 216.0 96.0 late
2568.0 10504.0 124.0 92.0 In
2756.0 10520.0 140.0 80.0 ar-

292.0 10672.0 16.0 68.0 ;
360.0 10664.0 296.0 112.0 jiving
732.0 10648.0 224.0 100.0 this
1032.0 10656.0 276.0 104.0 year,
1392.0 10636.0 244.0 96.0 but
1732.0 10656.0 260.0 80.0 one
2076.0 10636.0 292.0 100.0 solid
2444.0 10636.0 292.0 100.0 week
2820.0 10640.0 132.0 96.0 of

292.0 10788.0 20.0 104.0 !
360.0 10796.0 500.0 108.0 blistering
920.0 10784.0 256.0 116.0 days
1236.0 10776.0 308.0 116.0 early
1624.0 10772.0 152.0 96.0 In
1856.0 10776.0 296.0 116.0 July
2220.0 10796.0 212.0 76.0 was
2488.0 10780.0 464.0 116.0 enough

288.0 10992.0 24.0 16.0 -
360.0 10952.0 88.0 92.0 to
508.0 10936.0 256.0 100.0 start
828.0 10928.0 188.0 92.0 the
1088.0 10916.0 416.0 96.0 clamor
1588.0 10912.0 212.0 96.0 for
1892.0 10916.0 840.0 116.0 adjournment,

1348.0 11048.0 104.0 108.0 ffi
1528.0 11044.0 112.0 112.0 Sfi
1724.0 11044.0 120.0 112.0 Hi

292.0 11188.0 20.0 104.0 )
464.0 11200.0 292.0 104.0 SAYS
848.0 11184.0 1008.0 104.0 WEDNESDAY'S
1976.0 11184.0 260.0 100.0 Salt
2324.0 11184.0 276.0 96.0 Lake
2692.0 11184.0 264.0 96.0 Tri-

288.0 11332.0 16.0 104.0 I
352.0 11352.0 288.0 92.0 bune:
720.0 11332.0 280.0 96.0 "The
1076.0 11324.0 492.0 96.0 election
1656.0 11320.0 148.0 96.0 of
1900.0 11320.0 488.0 100.0 Senator
2460.0 11320.0 488.0 104.0 William

292.0 11440.0 12.0 80.0 ;
352.0 11484.0 100.0 100.0 H.
504.0 11480.0 268.0 108.0 King
828.0 11468.0 120.0 92.0 to
1012.0 11484.0 60.0 76.0 a
1132.0 11460.0 828.0 120.0 membership
2032.0 11460.0 132.0 96.0 in
2224.0 11460.0 192.0 100.0 the
2480.0 11464.0 464.0 92.0 Colum-

352.0 11628.0 216.0 92.0 Man
636.0 11616.0 200.0 92.0 Bar
908.0 11596.0 504.0 104.0 Tenders'
1492.0 11600.0 436.0 92.0 union
2016.0 11596.0 104.0 100.0 Is
2200.0 11600.0 504.0 116.0 regarded
2784.0 11596.0 160.0 120.0 by

280.0 11752.0 20.0 88.0 ?
352.0 11768.0 156.0 92.0 the
580.0 11740.0 520.0 128.0 legislator
1172.0 11740.0 300.0 96.0 from
1568.0 11736.0 360.0 96.0 Utah
2024.0 11760.0 128.0 76.0 as
2236.0 11760.0 64.0 76.0 a
2380.0 11736.0 276.0 120.0 Joke.
2740.0 11736.0 136.0 96.0 Al-

284.0 11920.0 12.0 64.0 i
352.0 11892.0 372.0 116.0 though
784.0 11904.0 144.0 76.0 an
988.0 11876.0 356.0 100.0 orator
1408.0 11876.0 264.0 96.0 and
1748.0 11896.0 76.0 72.0 a
1900.0 11876.0 440.0 116.0 lawyer,
2400.0 11880.0 140.0 92.0 he
2596.0 11896.0 352.0 76.0 never

280.0 12056.0 16.0 64.0 :
348.0 12028.0 480.0 136.0 practiced
904.0 12020.0 360.0 96.0 before
1348.0 12032.0 128.0 76.0 or
1568.0 12016.0 500.0 96.0 behind
2152.0 12016.0 232.0 96.0 this
2456.0 12016.0 272.0 96.0 kind
2812.0 12016.0 128.0 96.0 of

284.0 12148.0 12.0 124.0 !
344.0 12204.0 52.0 72.0 a
464.0 12176.0 192.0 92.0 bar.
736.0 12164.0 152.0 96.0 He
964.0 12160.0 92.0 92.0 is
1132.0 12176.0 148.0 76.0 an
1364.0 12152.0 912.0 120.0 accomplished
2352.0 12152.0 588.0 120.0 politician

280.0 12312.0 12.0 56.0 '
344.0 12316.0 180.0 96.0 and
580.0 12332.0 56.0 72.0 a
696.0 12300.0 256.0 120.0 good
1012.0 12296.0 364.0 104.0 mixer,
1444.0 12292.0 256.0 96.0 but
1764.0 12312.0 180.0 76.0 no
2008.0 12312.0 224.0 76.0 one
2284.0 12312.0 236.0 76.0 ever
2576.0 12292.0 364.0 96.0 heard

344.0 12452.0 96.0 100.0 of
504.0 12448.0 216.0 100.0 him
792.0 12436.0 408.0 112.0 mixing
1276.0 12432.0 468.0 96.0 drinks.
1852.0 12432.0 228.0 96.0 His
2160.0 12428.0 496.0 120.0 speeches
2740.0 12452.0 200.0 72.0 are

276.0 12580.0 16.0 44.0 !
344.0 12604.0 276.0 84.0 never
704.0 12580.0 216.0 116.0 dry,
1012.0 12568.0 560.0 116.0 although
1676.0 12568.0 220.0 96.0 his
2000.0 12568.0 384.0 96.0 habits
2464.0 12588.0 176.0 76.0 are
2732.0 12568.0 148.0 96.0 de-

340.0 12724.0 364.0 112.0 cidedly
768.0 12736.0 148.0 76.0 so.
980.0 12712.0 188.0 96.0 His
1232.0 12708.0 720.0 120.0 preference
2024.0 12708.0 180.0 96.0 for
2272.0 12704.0 664.0 100.0 buttermilk

340.0 12892.0 96.0 68.0 as
516.0 12888.0 52.0 72.0 a
652.0 12856.0 488.0 112.0 beverage
1228.0 12852.0 216.0 92.0 has
1552.0 12848.0 544.0 116.0 exposed
2192.0 12848.0 232.0 92.0 him
2508.0 12840.0 120.0 100.0 to
2716.0 12844.0 224.0 96.0 the

276.0 13056.0 12.0 48.0 ;
336.0 13000.0 396.0 104.0 ridicule
828.0 12992.0 112.0 96.0 of
1036.0 12984.0 512.0 128.0 political
1668.0 12984.0 684.0 120.0 opponents
2444.0 12980.0 120.0 100.0 in
2660.0 12980.0 272.0 124.0 past

264.0 13108.0 28.0 156.0 I
340.0 13132.0 592.0 124.0 campaigns.

444.0 13276.0 116.0 100.0 In
648.0 13268.0 136.0 100.0 all
876.0 13260.0 716.0 124.0 probability,
1704.0 13252.0 240.0 104.0 the
2052.0 13260.0 356.0 96.0 union
2496.0 13252.0 436.0 100.0 elected

276.0 13404.0 16.0 32.0 '
336.0 13420.0 196.0 96.0 him
592.0 13408.0 184.0 100.0 out
840.0 13408.0 116.0 96.0 of
1024.0 13404.0 140.0 96.0 Its
1228.0 13396.0 700.0 124.0 proverbial
2008.0 13396.0 604.0 120.0 generosity
2688.0 13396.0 248.0 92.0 and

276.0 13524.0 20.0 128.0 i
340.0 13556.0 472.0 112.0 largeness
880.0 13544.0 120.0 96.0 of
1072.0 13536.0 356.0 104.0 heart.
1516.0 13536.0 132.0 100.0 It
1740.0 13536.0 476.0 100.0 doesn't
2288.0 13536.0 308.0 96.0 make
2672.0 13532.0 264.0 96.0 him

340.0 13716.0 52.0 76.0 a
436.0 13680.0 532.0 108.0 bartender
1024.0 13696.0 208.0 100.0 any
1288.0 13696.0 340.0 72.0 more
1696.0 13672.0 336.0 100.0 than
2088.0 13676.0 200.0 96.0 the
2348.0 13672.0 592.0 96.0 initiation

344.0 13832.0 88.0 96.0 of
516.0 13828.0 356.0 96.0 Calvin
968.0 13816.0 516.0 116.0 Coolldge
1596.0 13812.0 176.0 120.0 by
1888.0 13816.0 224.0 96.0 the
2212.0 13812.0 320.0 96.0 Sioux
2624.0 13808.0 312.0 96.0 tribe

348.0 13968.0 256.0 96.0 made
708.0 13964.0 232.0 92.0 him
1048.0 13980.0 140.0 76.0 an
1300.0 13952.0 508.0 96.0 Indian.
1936.0 13952.0 568.0 116.0 Honorary
2604.0 13944.0 336.0 100.0 titles

276.0 14080.0 16.0 108.0 I
340.0 14128.0 140.0 80.0 are
544.0 14096.0 600.0 124.0 frequently
1224.0 14092.0 652.0 96.0 conferred
1972.0 14088.0 480.0 100.0 without
2524.0 14084.0 408.0 120.0 rhyme

276.0 14240.0 12.0 112.0 I
340.0 14264.0 92.0 76.0 or
472.0 14256.0 380.0 88.0 reason,
904.0 14256.0 260.0 76.0 even
1220.0 14232.0 148.0 116.0 by
1424.0 14228.0 800.0 100.0 universities
2284.0 14228.0 212.0 96.0 and
2548.0 14228.0 316.0 92.0 scien-

276.0 14404.0 20.0 60.0 ;
352.0 14384.0 184.0 96.0 tilic
592.0 14368.0 796.0 108.0 associations."

1328.0 14504.0 108.0 108.0 ffi
1496.0 14516.0 132.0 96.0 W
1696.0 14516.0 104.0 100.0 S

272.0 14704.0 12.0 76.0 i
332.0 14644.0 548.0 100.0 LOOKING
948.0 14640.0 712.0 104.0 FORWARD

988.0 14812.0 200.0 124.0 (By
1256.0 14808.0 336.0 100.0 MAX
1600.0 14804.0 596.0 124.0 WELCH)

428.0 14956.0 576.0 100.0 TEACHER
1076.0 14956.0 112.0 92.0 of
1260.0 14952.0 488.0 116.0 history
1840.0 14948.0 340.0 116.0 class,
2260.0 14944.0 276.0 108.0 1946;
2628.0 14940.0 232.0 96.0 hav-

332.0 15096.0 152.0 116.0 ing
576.0 15100.0 112.0 92.0 in
788.0 15096.0 304.0 92.0 mind
1196.0 15088.0 640.0 96.0 Abraham
1952.0 15088.0 508.0 96.0 Lincoln:
2568.0 15076.0 364.0 100.0 "Who

268.0 15280.0 8.0 52.0 ;
332.0 15256.0 172.0 76.0 was
556.0 15252.0 188.0 80.0 our
800.0 15228.0 360.0 100.0 tallest
1220.0 15228.0 684.0 120.0 president,
1976.0 15224.0 232.0 96.0 and
2264.0 15224.0 280.0 92.0 from
2604.0 15212.0 328.0 104.0 what

328.0 15376.0 232.0 88.0 state
616.0 15392.0 208.0 72.0 was
880.0 15372.0 140.0 92.0 he
1076.0 15392.0 64.0 72.0 a
1196.0 15368.0 420.0 92.0 native
1688.0 15360.0 380.0 100.0 son?"

268.0 15524.0 12.0 76.0 :
428.0 15508.0 296.0 96.0 Little
832.0 15508.0 388.0 96.0 Willie:
1348.0 15504.0 348.0 96.0 "The
1836.0 15496.0 404.0 100.0 tallest
2348.0 15480.0 576.0 132.0 president

360.0 15664.0 136.0 76.0 ras
548.0 15648.0 284.0 116.0 Huey
888.0 15644.0 320.0 120.0 Long;
1276.0 15640.0 220.0 96.0 the
1556.0 15636.0 476.0 124.0 stately
2088.0 15656.0 204.0 76.0 son
2344.0 15632.0 116.0 96.0 of
2508.0 15632.0 420.0 96.0 Louise

328.0 15780.0 344.0 100.0 Anna."

1324.0 15912.0 108.0 108.0 W
1508.0 15912.0 116.0 108.0 H5
1708.0 15912.0 120.0 108.0 Hi

328.0 16052.0 252.0 96.0 WHY
636.0 16052.0 260.0 96.0 XOT
960.0 16052.0 184.0 96.0 GO
1208.0 16048.0 496.0 96.0 AFTER

332.0 16188.0 204.0 96.0 IHE
620.0 16192.0 228.0 92.0 BIG
944.0 16188.0 636.0 100.0 CROOKS?

268.0 16308.0 8.0 124.0 I
428.0 16328.0 160.0 96.0 ON
688.0 16328.0 252.0 96.0 THE
1036.0 16328.0 260.0 96.0 first
1400.0 16340.0 336.0 104.0 page
1860.0 16316.0 136.0 100.0 of
2104.0 16316.0 196.0 100.0 the
2392.0 16308.0 540.0 120.0 morning

268.0 16448.0 8.0 80.0 :
324.0 16480.0 272.0 100.0 paper
704.0 16488.0 436.0 96.0 appears
1256.0 16468.0 212.0 92.0 the
1604.0 16456.0 624.0 116.0 following
2340.0 16452.0 576.0 100.0 headline:

332.0 16604.0 636.0 116.0 "Cummings
1072.0 16604.0 480.0 112.0 Pledges
1696.0 16596.0 616.0 116.0 Clean-Up
2420.0 16588.0 112.0 96.0 of
2648.0 16588.0 272.0 104.0 Bar;

324.0 16740.0 456.0 120.0 Attorney
832.0 16744.0 456.0 100.0 General
1348.0 16744.0 344.0 92.0 Tells
1756.0 16740.0 396.0 92.0 Police
2204.0 16732.0 368.0 100.0 Chiefs
2624.0 16724.0 236.0 96.0 Fed-

332.0 16880.0 172.0 96.0 eral
608.0 16884.0 240.0 92.0 Men
956.0 16884.0 196.0 100.0 Are
1264.0 16880.0 548.0 116.0 Seeking
1936.0 16876.0 132.0 96.0 to
2180.0 16872.0 216.0 100.0 Jail
2496.0 16864.0 180.0 100.0 All
2796.0 16860.0 140.0 100.0 In

320.0 17012.0 360.0 124.0 League
740.0 17024.0 288.0 96.0 With
1092.0 17012.0 896.0 104.0 Underworld."

420.0 17160.0 144.0 92.0 An
624.0 17160.0 512.0 96.0 excellent
1204.0 17160.0 320.0 96.0 Ideal
1612.0 17156.0 176.0 96.0 Of
1872.0 17168.0 424.0 88.0 course,
2360.0 17144.0 196.0 96.0 the
2616.0 17132.0 308.0 124.0 legal

320.0 17296.0 320.0 92.0 crooks
704.0 17300.0 232.0 96.0 who
996.0 17300.0 356.0 92.0 shield
1428.0 17296.0 792.0 116.0 kidnappers,
2288.0 17280.0 288.0 100.0 bank
2644.0 17280.0 212.0 92.0 rob-

324.0 17428.0 196.0 96.0 bers
604.0 17440.0 208.0 92.0 and
904.0 17440.0 364.0 92.0 others
1360.0 17436.0 140.0 96.0 of
1612.0 17432.0 308.0 96.0 that
2028.0 17428.0 156.0 96.0 Ilk
2276.0 17420.0 396.0 100.0 should
2776.0 17412.0 160.0 100.0 be

320.0 17568.0 456.0 100.0 confined
836.0 17572.0 120.0 96.0 to
1020.0 17576.0 196.0 96.0 the
1288.0 17564.0 832.0 124.0 "hoosegow."

420.0 17708.0 196.0 96.0 But
708.0 17712.0 236.0 92.0 how
1032.0 17712.0 352.0 96.0 about
1492.0 17708.0 244.0 96.0 the
1844.0 17700.0 556.0 100.0 members
2488.0 17688.0 124.0 100.0 of
2704.0 17692.0 228.0 96.0 the

320.0 17836.0 152.0 104.0 bar
524.0 17848.0 220.0 92.0 who
800.0 17872.0 172.0 72.0 a.e
1028.0 17852.0 120.0 92.0 In
1204.0 17852.0 432.0 112.0 league
1704.0 17848.0 320.0 92.0 -with
2088.0 17844.0 188.0 92.0 the
2336.0 17828.0 584.0 100.0 criminals

320.0 17980.0 88.0 92.0 of
452.0 17980.0 176.0 100.0 the
680.0 17988.0 680.0 116.0 Upperworld
1516.0 17980.0 580.0 108.0 bankers,
2152.0 17972.0 372.0 116.0 utility
2584.0 17988.0 268.0 96.0 mag-

320.0 18120.0 264.0 92.0 nates
656.0 18128.0 216.0 92.0 and
948.0 18124.0 368.0 100.0 others
1404.0 18124.0 300.0 96.0 who
1796.0 18108.0 720.0 132.0 persistently
2596.0 18100.0 328.0 100.0 flout

320.0 18256.0 152.0 96.0 the
524.0 18260.0 188.0 92.0 law
768.0 18264.0 204.0 96.0 but
1028.0 18288.0 172.0 72.0 are
1268.0 18264.0 300.0 116.0 kept
1640.0 18260.0 240.0 96.0 out
1948.0 18256.0 128.0 96.0 of
2132.0 18252.0 192.0 96.0 the
2380.0 18244.0 472.0 124.0 peniten-

320.0 18384.0 228.0 128.0 tiary
612.0 18396.0 132.0 120.0 by
812.0 18404.0 332.0 100.0 smart
1212.0 18400.0 580.0 120.0 lawyers?
1948.0 18396.0 308.0 96.0 Price
2320.0 18380.0 600.0 104.0 Advocate.

260.0 18688.0 8.0 80.0 :
416.0 18664.0 120.0 100.0 So
592.0 18672.0 284.0 104.0 mote
928.0 18672.0 92.0 104.0 it
1072.0 18676.0 172.0 104.0 be.

1308.0 18812.0 108.0 108.0 ifi
1492.0 18812.0 120.0 108.0 w
1696.0 18808.0 116.0 112.0 y?

416.0 18936.0 704.0 112.0 PRESIDENT
1188.0 18944.0 904.0 108.0 ROOSEVELT
2160.0 18936.0 216.0 104.0 will
2448.0 18928.0 480.0 104.0 execute

320.0 19068.0 156.0 104.0 the
540.0 19080.0 300.0 100.0 silver
912.0 19092.0 560.0 112.0 purchase
1572.0 19084.0 220.0 100.0 act
1884.0 19088.0 204.0 92.0 "In
2164.0 19080.0 196.0 100.0 the
2428.0 19084.0 496.0 88.0 manner

320.0 19212.0 232.0 96.0 most
632.0 19220.0 816.0 128.0 advantageous
1536.0 19228.0 156.0 96.0 to
1784.0 19220.0 228.0 100.0 the
2092.0 19212.0 368.0 128.0 public
2540.0 19208.0 316.0 96.0 Inter-

324.0 19348.0 208.0 92.0 est."
620.0 19356.0 256.0 100.0 This
968.0 19384.0 216.0 80.0 was
1280.0 19364.0 208.0 96.0 his
1600.0 19360.0 444.0 124.0 public
2140.0 19368.0 436.0 88.0 answer,
2676.0 19340.0 256.0 104.0 last

324.0 19476.0 496.0 136.0 Saturday,
872.0 19500.0 116.0 96.0 to
1036.0 19524.0 64.0 76.0 a
1152.0 19520.0 384.0 100.0 group
1600.0 19500.0 148.0 100.0 of
1808.0 19496.0 144.0 100.0 46
2012.0 19492.0 484.0 100.0 senators
2544.0 19480.0 376.0 104.0 head-

252.0 19660.0 8.0 68.0 :
388.0 19624.0 32.0 92.0 1
476.0 19624.0 116.0 96.0 br
660.0 19632.0 440.0 108.0 Senator
1160.0 19644.0 588.0 104.0 Thomas,
1824.0 19640.0 276.0 92.0 who
2160.0 19624.0 428.0 104.0 wanted
2652.0 19620.0 276.0 96.0 him

320.0 19752.0 92.0 96.0 to
504.0 19780.0 280.0 100.0 press
884.0 19776.0 192.0 100.0 the
1188.0 19772.0 872.0 128.0 price-raising
2168.0 19764.0 344.0 124.0 policy
2632.0 19756.0 296.0 96.0 "en-

248.0 19968.0 12.0 32.0 :
328.0 19892.0 824.0 144.0 thusiastically."
1272.0 19916.0 272.0 96.0 The
1680.0 19908.0 616.0 100.0 President
2400.0 19896.0 244.0 104.0 said
2772.0 19896.0 172.0 96.0 he

396.0 20052.0 96.0 76.0 as
548.0 20052.0 592.0 120.0 complying
1204.0 20052.0 308.0 100.0 with
1584.0 20052.0 248.0 100.0 the
1892.0 20048.0 352.0 100.0 broad
2308.0 20036.0 620.0 120.0 objectives

320.0 20168.0 88.0 92.0 of
468.0 20176.0 180.0 100.0 the
728.0 20192.0 196.0 96.0 act.
996.0 20192.0 232.0 100.0 But
1300.0 20192.0 232.0 96.0 the
1628.0 20188.0 708.0 124.0 particulars
2412.0 20176.0 284.0 100.0 such
2788.0 20192.0 144.0 76.0 as

316.0 20300.0 152.0 108.0 the
536.0 20316.0 624.0 132.0 day-to-day
1236.0 20328.0 372.0 100.0 silver
1696.0 20324.0 632.0 124.0 purchases
2396.0 20312.0 228.0 104.0 and
2696.0 20308.0 224.0 100.0 the

320.0 20432.0 436.0 120.0 issuance
852.0 20464.0 108.0 100.0 of
1056.0 20468.0 344.0 100.0 silver
1516.0 20464.0 736.0 100.0 certificates
2344.0 20448.0 312.0 108.0 must
2768.0 20448.0 156.0 100.0 be

316.0 20568.0 168.0 112.0 left
536.0 20588.0 108.0 104.0 to
700.0 20600.0 192.0 104.0 the
940.0 20604.0 600.0 120.0 Treasury,
1608.0 20608.0 176.0 92.0 he
1852.0 20600.0 292.0 100.0 said.

1316.0 20740.0 116.0 112.0 in
1504.0 20740.0 128.0 112.0 w
1704.0 20740.0 84.0 112.0 n

412.0 20844.0 368.0 116.0 WHEN
852.0 20868.0 252.0 104.0 the
1184.0 20876.0 496.0 100.0 flowers
1768.0 20892.0 304.0 76.0 were
2140.0 20860.0 564.0 116.0 blooming
2788.0 20848.0 140.0 100.0 In

316.0 20972.0 156.0 112.0 the
532.0 21004.0 356.0 120.0 spring
952.0 21012.0 556.0 120.0 Congress
1580.0 21004.0 580.0 128.0 expected
2228.0 21004.0 120.0 96.0 to
2412.0 20996.0 516.0 116.0 adjourn

316.0 21116.0 96.0 104.0 in
484.0 21128.0 304.0 108.0 June.
872.0 21148.0 136.0 100.0 As
1092.0 21152.0 476.0 120.0 August
1680.0 21152.0 472.0 104.0 arrives,
2240.0 21144.0 196.0 92.0 Mr.
2524.0 21132.0 400.0 100.0 Borah

320.0 21272.0 196.0 104.0 says
604.0 21272.0 244.0 108.0 that
944.0 21288.0 560.0 120.0 Congress
1640.0 21288.0 248.0 96.0 will
1996.0 21284.0 140.0 100.0 be
2232.0 21280.0 256.0 96.0 here
2588.0 21268.0 340.0 100.0 until

320.0 21384.0 556.0 132.0 November.
984.0 21428.0 496.0 96.0 Senator
1612.0 21424.0 436.0 96.0 Hiram
2164.0 21416.0 508.0 100.0 Johnson
2792.0 21400.0 140.0 104.0 of

316.0 21524.0 560.0 140.0 California,
932.0 21564.0 620.0 100.0 renowned
1624.0 21552.0 732.0 128.0 Republican
2412.0 21544.0 252.0 104.0 who
2728.0 21556.0 136.0 80.0 re-

312.0 21676.0 304.0 100.0 nins
696.0 21688.0 116.0 100.0 in
896.0 21696.0 384.0 124.0 hearty
1368.0 21696.0 724.0 124.0 agreement
2176.0 21688.0 272.0 100.0 with
2532.0 21680.0 156.0 100.0 all
2780.0 21676.0 144.0 100.0 of

320.0 21804.0 152.0 100.0 the
568.0 21816.0 624.0 120.0 President's
1296.0 21840.0 436.0 116.0 major
1844.0 21828.0 588.0 128.0 proposals,
2544.0 21836.0 384.0 76.0 seems

320.0 21952.0 396.0 108.0 content
816.0 21968.0 116.0 100.0 to
1032.0 21976.0 248.0 116.0 stay
1396.0 22000.0 188.0 76.0 on
1712.0 21976.0 228.0 96.0 the
2052.0 21968.0 220.0 120.0 Job.
2376.0 21956.0 552.0 100.0 Senators

316.0 22064.0 308.0 120.0 Norris
716.0 22112.0 216.0 96.0 and
1016.0 22116.0 740.0 112.0 LaFollotte,
1864.0 22100.0 820.0 108.0 bell-weathers
2792.0 22088.0 136.0 96.0 of

312.0 22208.0 164.0 104.0 the
572.0 22228.0 724.0 132.0 Progressives,
1428.0 22256.0 380.0 96.0 favor
1932.0 22240.0 644.0 128.0 prolonging
2696.0 22228.0 224.0 96.0 the

316.0 22340.0 456.0 140.0 Congress
820.0 22384.0 112.0 100.0 in
976.0 22388.0 396.0 100.0 behalf
1424.0 22392.0 148.0 96.0 of
1632.0 22380.0 492.0 104.0 "liberal
2164.0 22364.0 756.0 132.0 legislation."

1304.0 22528.0 116.0 108.0 ifi
1496.0 22528.0 128.0 112.0 !fi
1696.0 22528.0 116.0 108.0 W

416.0 22620.0 276.0 132.0 SAM,
768.0 22644.0 216.0 124.0 JR.,
1056.0 22660.0 128.0 96.0 in
1260.0 22664.0 216.0 96.0 his
1568.0 22652.0 600.0 120.0 Sunday's
2236.0 22648.0 464.0 100.0 column
2784.0 22636.0 140.0 100.0 In

328.0 22788.0 60.0 60.0 "
532.0 22772.0 520.0 136.0 Portland,
1128.0 22800.0 528.0 120.0 Oregon.
1740.0 22788.0 520.0 112.0 Journal,
2328.0 22800.0 296.0 100.0 says:

432.0 22900.0 488.0 124.0 Vacation
1028.0 22932.0 376.0 124.0 plans,
1544.0 22928.0 712.0 132.0 personally,
2368.0 22944.0 180.0 76.0 are
2676.0 22912.0 260.0 100.0 still

320.0 23036.0 196.0 108.0 Slit
628.0 23052.0 596.0 120.0 indefinite.
2584.0 23072.0 24.0 20.0 "
2768.0 23068.0 16.0 12.0 '

420.0 23168.0 160.0 108.0 We
664.0 23216.0 176.0 76.0 are
928.0 23212.0 548.0 120.0 awaiting
1588.0 23232.0 348.0 76.0 news
2032.0 23204.0 120.0 100.0 of
2244.0 23196.0 448.0 116.0 coming
2796.0 23184.0 136.0 100.0 of

316.0 23304.0 628.0 148.0 home-folks,
996.0 23352.0 380.0 96.0 which
1444.0 23352.0 268.0 96.0 will
1776.0 23348.0 160.0 100.0 be
1996.0 23368.0 68.0 76.0 a
2116.0 23348.0 356.0 112.0 happy
2532.0 23336.0 332.0 92.0 dlver-

312.0 23448.0 236.0 148.0 !!on;
640.0 23484.0 60.0 76.0 a
776.0 23480.0 280.0 104.0 treat
1136.0 23488.0 184.0 100.0 for
1412.0 23508.0 208.0 92.0 us,
1724.0 23484.0 284.0 112.0 and,
2084.0 23500.0 160.0 80.0 we
2320.0 23484.0 320.0 112.0 hope,
2732.0 23468.0 200.0 96.0 for

312.0 23568.0 288.0 120.0 them.

420.0 23716.0 212.0 112.0 The
704.0 23744.0 376.0 132.0 family
1168.0 23760.0 740.0 120.0 exchequer,
2000.0 23752.0 524.0 112.0 suffering
2616.0 23740.0 324.0 100.0 from

312.0 23852.0 556.0 128.0 Pernicious
932.0 23900.0 484.0 116.0 anemia.
1496.0 23904.0 124.0 92.0 Is
1696.0 23900.0 144.0 96.0 In
1912.0 23916.0 160.0 76.0 no
2132.0 23888.0 580.0 104.0 condition
2792.0 23884.0 136.0 92.0 to

316.0 23988.0 284.0 112.0 Kand
676.0 24032.0 324.0 96.0 much
1080.0 24036.0 124.0 92.0 of
1292.0 24056.0 80.0 76.0 a
1468.0 24040.0 280.0 116.0 trip
1840.0 24036.0 244.0 96.0 this
2164.0 24048.0 280.0 104.0 year.

388.0 24132.0 112.0 92.0 ut
568.0 24140.0 452.0 144.0 happily,
1096.0 24172.0 320.0 100.0 after
1508.0 24176.0 220.0 108.0 all,
1816.0 24176.0 136.0 100.0 to
2024.0 24192.0 168.0 92.0 us,
2260.0 24156.0 412.0 108.0 there's
2756.0 24172.0 172.0 80.0 no

308.0 24256.0 264.0 116.0 P'we
636.0 24284.0 208.0 112.0 like
904.0 24304.0 368.0 104.0 home.

504.0 24544.0 172.0 116.0 ES.
768.0 24564.0 300.0 128.0 BOY,
1172.0 24576.0 292.0 108.0 that
1596.0 24580.0 516.0 100.0 devilish
2212.0 24564.0 720.0 132.0 "pernicious

372.0 24680.0 380.0 108.0 nemia"
808.0 24708.0 96.0 96.0 is
948.0 24716.0 508.0 124.0 "raising
1520.0 24720.0 336.0 100.0 ned"
1920.0 24720.0 272.0 96.0 with
2248.0 24720.0 192.0 92.0 the
2500.0 24712.0 436.0 108.0 always

312.0 24812.0 536.0 188.0 jya-down
932.0 24852.0 396.0 124.0 family
1432.0 24860.0 688.0 120.0 exchequer
2204.0 24872.0 156.0 100.0 up
2448.0 24848.0 128.0 96.0 In
2672.0 24844.0 268.0 96.0 this

456.0 24948.0 224.0 112.0 tin
732.0 24980.0 116.0 96.0 of
900.0 24996.0 524.0 116.0 country.
1492.0 24996.0 132.0 96.0 It
1692.0 25000.0 112.0 92.0 is
1864.0 25016.0 216.0 80.0 one
2132.0 24992.0 116.0 96.0 of
2300.0 24992.0 200.0 96.0 the
2556.0 24996.0 376.0 104.0 many

316.0 25084.0 520.0 124.0 Penalities
916.0 25124.0 508.0 124.0 imposed
1536.0 25136.0 216.0 96.0 for
1852.0 25132.0 540.0 116.0 engaging
2484.0 25128.0 136.0 92.0 In
2716.0 25124.0 224.0 96.0 the

440.0 25236.0 436.0 124.0 wspaper
992.0 25264.0 560.0 104.0 business
1708.0 25272.0 348.0 96.0 when
2180.0 25284.0 368.0 104.0 young
2688.0 25256.0 252.0 100.0 and

392.0 25364.0 312.0 108.0 xJsh.
800.0 25384.0 104.0 104.0 it
1000.0 25404.0 388.0 116.0 might
1508.0 25408.0 172.0 96.0 be
1804.0 25428.0 372.0 88.0 worse,
2276.0 25404.0 520.0 100.0 however

552.0 25504.0 252.0 132.0 dole,
872.0 25528.0 168.0 104.0 for
1116.0 25544.0 624.0 100.0 instance.

400.0 25764.0 136.0 192.0 n?
836.0 25796.0 160.0 104.0 BE
1100.0 25812.0 844.0 124.0 Discouraged,
2044.0 25816.0 256.0 116.0 Boy,
2396.0 25812.0 188.0 96.0 for
2688.0 25824.0 252.0 108.0 you

400.0 25912.0 100.0 80.0 "l
564.0 25924.0 308.0 124.0 enjoy
944.0 25964.0 64.0 76.0 a
1080.0 25948.0 184.0 100.0 bit
1352.0 25956.0 144.0 96.0 of
1584.0 25956.0 352.0 100.0 Utah
2012.0 25956.0 700.0 124.0 atmosphere
2804.0 25948.0 132.0 100.0 at

312.0 26148.0 100.0 80.0 th
544.0 26056.0 400.0 172.0 vhome
1028.0 26088.0 352.0 96.0 while
1488.0 26096.0 808.0 116.0 entertaining
2384.0 26108.0 324.0 76.0 some
2812.0 26088.0 136.0 92.0 of

324.0 26280.0 184.0 108.0 hav
912.0 26216.0 324.0 112.0 Iolk8,
1316.0 26228.0 444.0 100.0 wh-om
1836.0 26252.0 228.0 100.0 yu
2136.0 26232.0 360.0 96.0 woultl
2572.0 26224.0 372.0 116.0 llkely

516.0 26332.0 52.0 72.0 e
668.0 26340.0 376.0 112.0 visited
1156.0 26364.0 256.0 100.0 had
1548.0 26388.0 324.0 100.0 your
1992.0 26372.0 604.0 116.0 exchequer
2720.0 26368.0 232.0 100.0 not

312.0 26432.0 424.0 132.0 rred
792.0 26500.0 64.0 76.0 8
916.0 26488.0 876.0 116.0 "knock.out...

428.0 26692.0 228.0 68.0 W-T-r
1332.0 26640.0 508.0 116.0 WWW

316.0 26712.0 708.0 188.0 a-FG.
1108.0 26764.0 896.0 116.0 SECRETARY
2072.0 26784.0 124.0 96.0 of
2268.0 26784.0 352.0 112.0 State,
2704.0 26804.0 248.0 72.0 was

320.0 26956.0 176.0 100.0 the
616.0 26992.0 76.0 64.0 f.
804.0 27028.0 16.0 28.0 ,
940.0 26892.0 200.0 100.0 the
1264.0 26908.0 664.0 104.0 deadlines
2044.0 26920.0 124.0 104.0 of
2280.0 26924.0 204.0 96.0 the
2608.0 26936.0 340.0 108.0 press

576.0 27016.0 276.0 136.0 Jmt
984.0 27036.0 116.0 88.0 of
1240.0 27044.0 236.0 100.0 the
1644.0 27056.0 360.0 96.0 week.
2136.0 27060.0 156.0 92.0 He
2436.0 27056.0 104.0 96.0 is
2688.0 27060.0 264.0 92.0 trv-

324.0 27164.0 1004.0 180.0 eonvirtJntlnue
1448.0 27184.0 152.0 100.0 ln
1724.0 27192.0 356.0 116.0 offl0-
2180.0 27196.0 292.0 100.0 after
2576.0 27192.0 296.0 100.0 bcta

580.0 27296.0 268.0 92.0 'ce4
948.0 27308.0 120.0 96.0 of
1180.0 27332.0 68.0 80.0 a
1376.0 27324.0 444.0 128.0 felony
1940.0 27336.0 128.0 96.0 la
2168.0 27336.0 192.0 100.0 the
2472.0 27336.0 484.0 96.0 district

596.0 3808.0 652.0 264.0 Y7

432.0 4072.0 68.0 176.0 i
660.0 4072.0 96.0 176.0 A
852.0 4076.0 264.0 172.0 ;""

3156.0 2976.0 580.0 220.0 Park
3796.0 2996.0 996.0 244.0 City-Salt
4852.0 3032.0 556.0 216.0 Lake

3920.0 3268.0 688.0 220.0 Picnic
4716.0 3296.0 1144.0 224.0 Tomorrow

3284.0 3644.0 700.0 140.0 Everything
4080.0 3664.0 96.0 104.0 Is
4280.0 3680.0 180.0 96.0 set
4576.0 3688.0 256.0 100.0 and
4940.0 3704.0 340.0 120.0 ready
5380.0 3712.0 168.0 92.0 for
5648.0 3720.0 208.0 100.0 the

3132.0 3780.0 268.0 108.0 Salt
3520.0 3796.0 624.0 108.0 Lake-Park
4260.0 3812.0 272.0 124.0 City
4664.0 3836.0 464.0 96.0 annual
5240.0 3844.0 364.0 116.0 picnic
5724.0 3856.0 124.0 100.0 at

3136.0 3932.0 480.0 116.0 Liberty
3700.0 3936.0 308.0 112.0 Park,
4096.0 3944.0 248.0 100.0 Salt
4436.0 3960.0 320.0 88.0 Lake
4852.0 3968.0 184.0 80.0 Cit

3128.0 4060.0 628.0 132.0 Saturday,
3832.0 4076.0 428.0 120.0 August
4340.0 4088.0 248.0 100.0 3rd.
5828.0 4060.0 24.0 48.0 '
5904.0 4100.0 12.0 144.0 j

3288.0 4200.0 332.0 104.0 With
3708.0 4208.0 252.0 104.0 1500
4044.0 4228.0 424.0 104.0 guests,
4560.0 4228.0 460.0 108.0 former
5100.0 4252.0 224.0 92.0 and
5404.0 4260.0 452.0 96.0 present
5908.0 4276.0 8.0 12.0 '
5952.0 4280.0 840.0 76.0 ,r"f-"
6924.0 4296.0 280.0 60.0 h.h,,
7532.0 4316.0 32.0 32.0 .,
7676.0 4320.0 12.0 36.0 ,

3136.0 4340.0 592.0 100.0 residents
3812.0 4356.0 124.0 92.0 of
4020.0 4356.0 284.0 100.0 Park
4408.0 4368.0 316.0 96.0 Cltv.
4828.0 4392.0 532.0 76.0 exnectPd
5456.0 4396.0 48.0 72.0 t
5672.0 4348.0 460.0 120.0 ...r
6676.0 4368.0 12.0 32.0 '
7088.0 4328.0 268.0 92.0 '"I-"-
7824.0 4324.0 28.0 104.0 '-

3128.0 4476.0 464.0 96.0 semble
3680.0 4480.0 120.0 100.0 at
3884.0 4488.0 196.0 100.0 the
4172.0 4500.0 288.0 112.0 park
4564.0 4508.0 472.0 124.0 shortly
5128.0 4524.0 292.0 96.0 after
5508.0 4548.0 336.0 100.0 noon,

3456.0 4616.0 268.0 188.0 lirSt
3816.0 4624.0 440.0 104.0 fe8tUre
4356.0 4640.0 136.0 96.0 0f
4596.0 4644.0 224.0 100.0 the
4924.0 4656.0 316.0 116.0 d,y's
5328.0 4680.0 520.0 104.0 Program

3132.0 4748.0 248.0 100.0 will
3468.0 4752.0 144.0 96.0 be
3688.0 4780.0 60.0 72.0 a
3828.0 4772.0 452.0 96.0 concert
4364.0 4780.0 252.0 92.0 and
4708.0 4788.0 268.0 84.0 drill
5064.0 4796.0 144.0 76.0 hv
5328.0 4808.0 76.0 64.0 .h
5560.0 4808.0 280.0 64.0 P-t

3128.0 4884.0 284.0 116.0 City
3508.0 4892.0 292.0 108.0 High
3884.0 4908.0 376.0 92.0 school
4360.0 4912.0 328.0 88.0 bard
4876.0 4928.0 56.0 72.0 t.
4944.0 4872.0 240.0 128.0 V'

3124.0 5016.0 372.0 124.0 band,
3568.0 5036.0 672.0 128.0 numbering
4308.0 5048.0 136.0 100.0 80
4516.0 5056.0 444.0 120.0 pieces,
5028.0 5008.0 256.0 160.0 will'
5320.0 5076.0 240.0 120.0 give
5624.0 5104.0 212.0 76.0 an-

3124.0 5164.0 364.0 96.0 other
3560.0 5184.0 508.0 104.0 program
4144.0 5188.0 240.0 92.0 and
4464.0 5204.0 496.0 84.0 concert
5040.0 5212.0 124.0 76.0 at.
5240.0 5216.0 60.0 72.0 n
5376.0 5232.0 68.0 56.0 n
5552.0 5236.0 108.0 52.0 tn

3260.0 5304.0 572.0 104.0 Members
3940.0 5316.0 116.0 96.0 of
4160.0 5324.0 216.0 96.0 the
4492.0 5340.0 700.0 104.0 committee
5304.0 5356.0 528.0 120.0 cordially

3112.0 5432.0 396.0 108.0 Invite
3568.0 5448.0 152.0 100.0 all
3776.0 5460.0 444.0 112.0 present
4280.0 5460.0 316.0 104.0 Park
4656.0 5476.0 284.0 116.0 City
4992.0 5488.0 544.0 100.0 residents
5596.0 5504.0 236.0 92.0 and

3116.0 5576.0 168.0 96.0 all
3388.0 5584.0 428.0 96.0 former
3904.0 5600.0 556.0 96.0 residents
4568.0 5612.0 140.0 92.0 to
4812.0 5612.0 148.0 100.0 be
5060.0 5628.0 444.0 108.0 present
5596.0 5636.0 236.0 96.0 and

3108.0 5708.0 276.0 128.0 Join
3472.0 5716.0 132.0 100.0 In
3680.0 5724.0 196.0 100.0 the
3956.0 5728.0 664.0 112.0 festivities.

3256.0 5852.0 256.0 96.0 The
3584.0 5868.0 436.0 104.0 general
4092.0 5880.0 700.0 100.0 committee
4868.0 5884.0 108.0 100.0 Is
5044.0 5904.0 584.0 112.0 composed
5700.0 5904.0 124.0 100.0 of

3104.0 5984.0 180.0 104.0 W.
3372.0 5992.0 140.0 100.0 D.
3600.0 5996.0 444.0 116.0 Sutton,
4124.0 6008.0 528.0 104.0 William
4740.0 6020.0 500.0 124.0 Nlmmo,
5320.0 6036.0 304.0 100.0 John
5704.0 6044.0 92.0 92.0 P

3112.0 6124.0 636.0 124.0 Flanagan,
3832.0 6136.0 424.0 124.0 George
4344.0 6148.0 140.0 96.0 H.
4584.0 6156.0 692.0 124.0 Wilkinson,
5360.0 6172.0 96.0 96.0 J.
5544.0 6180.0 280.0 96.0 Wm.

3104.0 6260.0 468.0 116.0 Stoner,
3660.0 6272.0 180.0 96.0 Dr.
3920.0 6276.0 304.0 100.0 John
4312.0 6280.0 108.0 104.0 J.
4516.0 6284.0 596.0 132.0 Galligan,
5196.0 6304.0 180.0 100.0 Dr.
5456.0 6304.0 304.0 100.0 Lawr-

3100.0 6412.0 300.0 84.0 ence
3496.0 6404.0 120.0 96.0 C.
3704.0 6408.0 352.0 116.0 Snow,
4140.0 6416.0 404.0 100.0 James
4644.0 6428.0 164.0 96.0 M.
4912.0 6436.0 464.0 124.0 Grlsley,
5460.0 6444.0 360.0 100.0 Willis

3108.0 6532.0 176.0 104.0 W.
3388.0 6540.0 404.0 116.0 Ritter,
3888.0 6548.0 492.0 104.0 Thomas
4488.0 6560.0 128.0 96.0 F.
4724.0 6568.0 484.0 120.0 Kearns,
5304.0 6576.0 520.0 108.0 Edmund

3100.0 6668.0 116.0 104.0 J.
3300.0 6672.0 456.0 108.0 Kearns
3828.0 6688.0 220.0 100.0 and
4120.0 6688.0 200.0 104.0 Dr.
4396.0 6692.0 548.0 108.0 Thomas
5020.0 6708.0 112.0 100.0 F.
5208.0 6712.0 400.0 104.0 Welsh.

3100.0 7144.0 392.0 100.0 court.
3588.0 7148.0 236.0 104.0 The
3908.0 7160.0 428.0 104.0 matter
4432.0 7172.0 104.0 96.0 Is
4644.0 7196.0 280.0 80.0 now
5016.0 7184.0 124.0 100.0 In
5232.0 7188.0 196.0 100.0 the
5512.0 7192.0 308.0 104.0 state

3096.0 7300.0 556.0 96.0 supreme
3740.0 7300.0 316.0 92.0 court
4196.0 7308.0 240.0 96.0 and
4540.0 7316.0 520.0 116.0 politics,
5156.0 7324.0 440.0 108.0 instead
5684.0 7336.0 132.0 100.0 of

3092.0 7412.0 456.0 124.0 justice
3644.0 7444.0 252.0 104.0 may
3984.0 7432.0 192.0 124.0 yet
4276.0 7460.0 284.0 88.0 save
4660.0 7452.0 204.0 100.0 his
4960.0 7460.0 292.0 100.0 skin.
5348.0 7464.0 104.0 104.0 It
5548.0 7488.0 268.0 108.0 may

3096.0 7556.0 156.0 100.0 be
3352.0 7580.0 72.0 76.0 a
3516.0 7572.0 436.0 120.0 month,
4044.0 7576.0 92.0 96.0 it
4232.0 7576.0 100.0 104.0 is
4428.0 7588.0 420.0 104.0 stated
4944.0 7596.0 152.0 120.0 by
5180.0 7604.0 196.0 100.0 the
5464.0 7624.0 344.0 104.0 press,

3092.0 7692.0 416.0 104.0 before
3596.0 7724.0 68.0 76.0 a
3748.0 7712.0 488.0 104.0 decision
4328.0 7724.0 132.0 96.0 of
4556.0 7728.0 228.0 100.0 the
4872.0 7736.0 400.0 108.0 state's
5352.0 7744.0 460.0 120.0 highest

3092.0 7832.0 548.0 108.0 tribunal
3696.0 7844.0 96.0 100.0 Is
3844.0 7848.0 456.0 104.0 handed
4364.0 7860.0 400.0 108.0 down.

4404.0 7996.0 112.0 112.0 !fi
4592.0 8000.0 112.0 112.0 !fi

3244.0 8104.0 208.0 96.0 AN
3564.0 8112.0 1056.0 88.0 ENTFRPRTSTMCJ
5740.0 8156.0 64.0 44.0 j

3092.0 8244.0 360.0 84.0 aeain
3540.0 8252.0 580.0 76.0 oontonrv.
4364.0 8268.0 292.0 60.0 .n,
5528.0 8292.0 52.0 36.0 1

3084.0 8380.0 224.0 104.0 the
3396.0 8392.0 512.0 100.0 accident
3984.0 8400.0 224.0 96.0 end
4284.0 8404.0 140.0 92.0 of
4504.0 8428.0 80.0 68.0 a
4668.0 8412.0 256.0 84.0 citv
5000.0 8436.0 380.0 60.0 mnrcm

3084.0 8536.0 312.0 84.0 even
3480.0 8544.0 68.0 80.0 a
3632.0 8532.0 512.0 116.0 mangled
4228.0 8536.0 320.0 112.0 body
4640.0 8572.0 168.0 76.0 on
4896.0 8572.0 72.0 76.0 a
5048.0 8556.0 272.0 92.0 slab,
5400.0 8572.0 400.0 76.0 w&xiiv

3080.0 8660.0 684.0 128.0 portraying
3828.0 8668.0 204.0 104.0 the
4100.0 8692.0 896.0 112.0 consequences
5064.0 8696.0 124.0 100.0 of
5256.0 8700.0 220.0 100.0 bad
5540.0 8724.0 252.0 80.0 mo-

3088.0 8824.0 408.0 100.0 rormg
3592.0 8824.0 628.0 104.0 judgment.
4324.0 8824.0 300.0 100.0 Isn't
4728.0 8848.0 76.0 76.0 a
4908.0 8832.0 348.0 104.0 patch
5344.0 8860.0 156.0 76.0 on
5592.0 8844.0 212.0 92.0 the

3076.0 8952.0 364.0 84.0 scene
3544.0 8948.0 120.0 92.0 of
3760.0 8952.0 200.0 96.0 the
4060.0 8952.0 556.0 108.0 accident
4728.0 8968.0 364.0 100.0 Itself.
5192.0 8976.0 160.0 100.0 No
5452.0 8984.0 344.0 96.0 artist

3084.0 9096.0 536.0 100.0 worxing
3704.0 9104.0 148.0 76.0 on
3940.0 9104.0 68.0 80.0 a
4088.0 9096.0 396.0 120.0 safety
4576.0 9104.0 416.0 112.0 poster
5072.0 9112.0 368.0 100.0 would
5524.0 9116.0 276.0 100.0 dare

3080.0 9208.0 416.0 128.0 depict
3572.0 9220.0 260.0 100.0 that
3908.0 9224.0 124.0 100.0 in
4104.0 9232.0 240.0 96.0 full
4432.0 9236.0 428.0 120.0 detail,
4940.0 9264.0 260.0 104.0 says
5276.0 9272.0 64.0 80.0 a
5416.0 9172.0 592.0 184.0 writer'1?
6124.0 9176.0 460.0 208.0 plckfC(l
6652.0 9192.0 632.0 172.0 Viagaln
7400.0 9212.0 164.0 80.0 on
7684.0 9196.0 220.0 100.0 the
8016.0 9208.0 608.0 100.0 nor"east

3072.0 9348.0 148.0 104.0 In
3296.0 9352.0 216.0 104.0 the
3584.0 9360.0 504.0 104.0 Reader's
4156.0 9368.0 444.0 124.0 Digest,

4220.0 9512.0 104.0 96.0 K
4400.0 9512.0 112.0 96.0 W

3224.0 9624.0 228.0 100.0 WE
3516.0 9628.0 364.0 100.0 READ
3936.0 9632.0 268.0 100.0 that
4268.0 9640.0 140.0 100.0 In
4468.0 9644.0 228.0 100.0 the
4760.0 9648.0 280.0 100.0 first
5104.0 9660.0 164.0 92.0 six
5324.0 9660.0 468.0 108.0 months

3080.0 9760.0 132.0 100.0 of
3340.0 9768.0 264.0 96.0 1935
3708.0 9772.0 200.0 96.0 the
4008.0 9776.0 292.0 100.0 Ford
4412.0 9780.0 412.0 104.0 Motor
4932.0 9812.0 540.0 96.0 company
5580.0 9800.0 216.0 100.0 has

3072.0 9916.0 208.0 100.0 pa..
3348.0 9984.0 24.0 20.0 .
3440.0 9908.0 212.0 96.0 out
3716.0 9912.0 672.0 116.0 $88,727,568
4464.0 9920.0 148.0 96.0 ln
4684.0 9944.0 404.0 100.0 wages,
5160.0 9936.0 224.0 96.0 and
5448.0 9940.0 348.0 116.0 spent

3076.0 10040.0 180.0 104.0 $3'
3304.0 10040.0 536.0 120.0 4,368,873
3940.0 10052.0 180.0 96.0 for
4220.0 10072.0 248.0 80.0 raw
4572.0 10068.0 640.0 100.0 materials,
5312.0 10096.0 64.0 72.0 a
5476.0 10076.0 320.0 92.0 ereat

3080.0 10180.0 288.0 116.0 part
3464.0 10184.0 128.0 96.0 of
3684.0 10188.0 368.0 100.0 which
4144.0 10212.0 240.0 76.0 was
4488.0 10196.0 200.0 96.0 for
4792.0 10220.0 368.0 84.0 wages
5248.0 10208.0 128.0 96.0 ln
5464.0 10212.0 340.0 92.0 other

3072.0 10320.0 684.0 112.0 industries,
3848.0 10332.0 612.0 120.0 according
4568.0 10336.0 140.0 100.0 to
4804.0 10340.0 476.0 104.0 officials
5368.0 10348.0 120.0 96.0 of
5588.0 10348.0 200.0 100.0 the

3072.0 10472.0 620.0 108.0 company.

4212.0 10600.0 476.0 116.0 WWW

3232.0 10724.0 304.0 116.0 BIG,
3652.0 10732.0 396.0 112.0 BOLD,
4168.0 10736.0 388.0 104.0 bland
4688.0 10744.0 256.0 100.0 Jim
5060.0 10748.0 412.0 124.0 Farley,
5596.0 10752.0 208.0 100.0 the

3076.0 10884.0 348.0 80.0 acme
3524.0 10868.0 128.0 96.0 of
3748.0 10872.0 508.0 116.0 political
4372.0 10880.0 696.0 116.0 cleverness,
5176.0 10892.0 224.0 96.0 and
5500.0 10892.0 236.0 96.0 lnci-

3076.0 11004.0 428.0 116.0 dently
3608.0 11008.0 672.0 120.0 postmaster
4396.0 11024.0 492.0 108.0 general
4992.0 11024.0 124.0 96.0 of
5212.0 11028.0 196.0 96.0 the
5508.0 11028.0 228.0 100.0 Uni-

3068.0 11148.0 216.0 96.0 ted
3360.0 11148.0 384.0 96.0 States
3808.0 11152.0 224.0 96.0 and
4100.0 11152.0 564.0 100.0 national
4740.0 11160.0 592.0 100.0 chairman
5400.0 11164.0 124.0 100.0 of
5588.0 11172.0 208.0 96.0 the

3068.0 11284.0 728.0 100.0 Democratic
3856.0 11288.0 356.0 120.0 party,
4280.0 11312.0 248.0 76.0 was
4596.0 11316.0 76.0 76.0 a
4740.0 11296.0 252.0 96.0 Salt
5056.0 11300.0 292.0 96.0 Lake
5396.0 11304.0 400.0 100.0 visitor

3064.0 11424.0 228.0 96.0 the
3372.0 11424.0 268.0 100.0 first
3720.0 11428.0 116.0 96.0 of
3908.0 11428.0 204.0 96.0 the
4196.0 11432.0 368.0 96.0 week.
4648.0 11432.0 184.0 104.0 He
4912.0 11440.0 280.0 96.0 with
5268.0 11440.0 176.0 96.0 his
5524.0 11444.0 264.0 96.0 wife

3064.0 11580.0 208.0 80.0 are
3348.0 11584.0 156.0 76.0 on
3576.0 11568.0 296.0 92.0 their
3944.0 11588.0 244.0 96.0 way
4256.0 11568.0 136.0 96.0 to
4472.0 11572.0 464.0 96.0 Hawaii
5012.0 11576.0 176.0 96.0 for
5252.0 11580.0 228.0 96.0 rest
5548.0 11580.0 236.0 96.0 and

3064.0 11704.0 688.0 96.0 recreation.
3844.0 11708.0 496.0 96.0 Further
4436.0 11708.0 328.0 100.0 than
4868.0 11716.0 556.0 120.0 declaring
5516.0 11720.0 272.0 96.0 that

3060.0 11836.0 616.0 108.0 President
3764.0 11844.0 592.0 100.0 Roosevelt
4460.0 11848.0 408.0 100.0 would
4956.0 11856.0 144.0 100.0 be
5176.0 11856.0 604.0 100.0 re-elected

3060.0 11976.0 164.0 116.0 by
3300.0 12004.0 72.0 72.0 a
3448.0 11980.0 524.0 120.0 majority
4044.0 11988.0 356.0 112.0 equal
4480.0 11984.0 144.0 100.0 to
4700.0 11992.0 200.0 92.0 his
4972.0 11992.0 604.0 96.0 land-slide
5652.0 11996.0 128.0 96.0 of

3068.0 12120.0 320.0 116.0 1934,
3504.0 12120.0 148.0 100.0 he
3756.0 12120.0 228.0 100.0 had
4096.0 12124.0 332.0 100.0 little
4552.0 12124.0 140.0 96.0 to
4816.0 12148.0 200.0 100.0 say
5128.0 12132.0 648.0 116.0 politically.

3060.0 12260.0 536.0 96.0 Another
3652.0 12264.0 444.0 96.0 cabinet
4148.0 12268.0 448.0 108.0 officer,
4656.0 12268.0 388.0 120.0 Henry
5100.0 12272.0 120.0 92.0 A.
5272.0 12272.0 504.0 108.0 Wallace,

3060.0 12400.0 584.0 120.0 secretary
3700.0 12400.0 116.0 96.0 of
3876.0 12400.0 760.0 116.0 agriculture,
4704.0 12428.0 240.0 76.0 was
5000.0 12408.0 128.0 96.0 In
5188.0 12408.0 236.0 96.0 Salt
5480.0 12412.0 300.0 96.0 Lake

3064.0 12540.0 444.0 116.0 during
3616.0 12540.0 464.0 120.0 Farley's
4196.0 12544.0 328.0 112.0 visit,
4644.0 12548.0 252.0 96.0 and
5000.0 12544.0 372.0 100.0 talked
5484.0 12544.0 232.0 120.0 agri-

3060.0 12680.0 480.0 96.0 culture
3656.0 12676.0 272.0 100.0 with
4044.0 12680.0 352.0 96.0 those
4528.0 12684.0 644.0 96.0 Interested
5292.0 12688.0 480.0 108.0 therein,

3052.0 12816.0 240.0 100.0 but
3364.0 12816.0 568.0 120.0 naturally
3996.0 12816.0 156.0 96.0 he
4216.0 12840.0 248.0 76.0 was
4532.0 12840.0 76.0 76.0 a
4680.0 12820.0 412.0 100.0 "small
5152.0 12824.0 236.0 120.0 fry"
5452.0 12844.0 260.0 76.0 com-

3048.0 12960.0 372.0 116.0 pared
3504.0 12960.0 276.0 96.0 with
3856.0 12960.0 272.0 116.0 "Big
4208.0 12956.0 368.0 96.0 Jim."

4192.0 13088.0 480.0 116.0 WWW

3200.0 13268.0 304.0 96.0 AND
3608.0 13264.0 344.0 116.0 NOW,
4056.0 13288.0 132.0 76.0 as
4300.0 13268.0 496.0 120.0 though
4908.0 13292.0 164.0 76.0 we
5176.0 13292.0 276.0 76.0 were
5556.0 13272.0 216.0 96.0 not
5824.0 13280.0 12.0 108.0 ;

3060.0 13408.0 480.0 116.0 already
3704.0 13408.0 876.0 96.0 overburdened
4768.0 13412.0 292.0 92.0 with,
5220.0 13408.0 552.0 96.0 financial

3048.0 13544.0 564.0 116.0 troubles,
3688.0 13544.0 196.0 100.0 the
3960.0 13544.0 784.0 120.0 government
4836.0 13548.0 100.0 96.0 is
5012.0 13544.0 548.0 124.0 planning
5640.0 13544.0 128.0 100.0 to

3048.0 13688.0 236.0 116.0 put
3348.0 13684.0 128.0 100.0 ln
3536.0 13684.0 668.0 96.0 circulation
4264.0 13684.0 632.0 96.0 hal'-cent
4952.0 13684.0 228.0 100.0 and
5236.0 13684.0 532.0 96.0 one-mill

3048.0 13824.0 348.0 96.0 coins
3468.0 13824.0 128.0 100.0 to
3668.0 13824.0 216.0 100.0 add
3960.0 13824.0 120.0 100.0 to
4156.0 13844.0 224.0 76.0 our
4464.0 13824.0 496.0 120.0 present
5032.0 13844.0 396.0 100.0 money
5508.0 13840.0 200.0 104.0 pre-

3044.0 13964.0 580.0 120.0 plexlties.
4180.0 14096.0 476.0 112.0 WWW

3192.0 14276.0 104.0 96.0 A
3380.0 14268.0 740.0 100.0 SOUTHERN
4200.0 14272.0 676.0 112.0 evangelist
4948.0 14292.0 252.0 96.0 says
5268.0 14268.0 320.0 96.0 there
5668.0 14268.0 100.0 96.0 Is

3048.0 14432.0 172.0 76.0 no
3280.0 14408.0 436.0 120.0 buying
3772.0 14428.0 120.0 76.0 or
3944.0 14408.0 424.0 116.0 selling
4428.0 14412.0 148.0 92.0 ln
4632.0 14412.0 484.0 92.0 heaven.
5172.0 14408.0 148.0 96.0 Of
5372.0 14428.0 400.0 72.0 course

3056.0 14548.0 260.0 104.0 not,
3416.0 14572.0 252.0 92.0 says
3764.0 14568.0 68.0 76.0 a
3924.0 14548.0 504.0 116.0 Georgia
4536.0 14548.0 800.0 116.0 paragrapher,
5436.0 14544.0 340.0 96.0 "that

3052.0 14688.0 296.0 96.0 isn't
3432.0 14692.0 360.0 92.0 where
3868.0 14684.0 548.0 100.0 business
4504.0 14688.0 232.0 92.0 has
4828.0 14680.0 380.0 124.0 gone."

3052.0 15012.0 876.0 204.0 Softball
4044.0 15016.0 876.0 232.0 League
5040.0 15012.0 728.0 200.0 Games

3192.0 15428.0 276.0 104.0 Last
3564.0 15428.0 452.0 120.0 Sunday
4112.0 15448.0 244.0 76.0 was
4464.0 15448.0 76.0 76.0 a
4644.0 15424.0 240.0 100.0 bad
4980.0 15444.0 212.0 100.0 f-ay
5284.0 15424.0 176.0 96.0 for
5552.0 15424.0 216.0 96.0 the

3040.0 15572.0 316.0 96.0 Park
3524.0 15572.0 244.0 116.0 City
3924.0 15568.0 492.0 96.0 Softball
4588.0 15564.0 384.0 96.0 teams
5112.0 15568.0 196.0 92.0 the
5464.0 15564.0 300.0 96.0 Arch

3040.0 15712.0 628.0 112.0 Browning
3724.0 15708.0 356.0 116.0 squad
4148.0 15708.0 324.0 92.0 from
4544.0 15704.0 264.0 96.0 Salt
4872.0 15704.0 292.0 96.0 Lake
5224.0 15704.0 264.0 96.0 took
5548.0 15704.0 220.0 92.0 the

3036.0 15852.0 316.0 96.0 Park
3452.0 15852.0 424.0 112.0 Garage
3964.0 15848.0 324.0 92.0 team
4392.0 15844.0 280.0 96.0 Into
4784.0 15860.0 328.0 100.0 camp
5212.0 15840.0 116.0 96.0 19
5424.0 15840.0 132.0 96.0 to
5656.0 15836.0 104.0 108.0 7,

3040.0 15996.0 248.0 88.0 and
3396.0 15988.0 124.0 96.0 ln
3616.0 15992.0 192.0 92.0 the
3908.0 15984.0 636.0 96.0 afternoon
4660.0 15980.0 496.0 96.0 Sinclair
5244.0 15980.0 172.0 96.0 Oil
5524.0 15976.0 240.0 96.0 and

3044.0 16128.0 388.0 100.0 Heber
3516.0 16124.0 388.0 120.0 played
3988.0 16144.0 64.0 72.0 a
4136.0 16120.0 252.0 96.0 fast
4484.0 16136.0 380.0 100.0 game,
4952.0 16116.0 364.0 96.0 which
5396.0 16116.0 376.0 96.0 Heber

3044.0 16292.0 312.0 84.0 won,
3456.0 16268.0 120.0 92.0 12
3664.0 16264.0 116.0 100.0 to
3872.0 16264.0 152.0 92.0 10.
4120.0 16264.0 256.0 96.0 The
4472.0 16256.0 536.0 100.0 Becker's
5100.0 16256.0 264.0 92.0 Beer
5448.0 16252.0 320.0 96.0 team

3040.0 16408.0 300.0 96.0 beat
3424.0 16404.0 204.0 96.0 the
3716.0 16396.0 276.0 104.0 local
4080.0 16396.0 556.0 96.0 Becker's
4728.0 16396.0 320.0 96.0 team
5132.0 16388.0 116.0 100.0 at
5332.0 16392.0 432.0 96.0 Evans-

3040.0 16544.0 232.0 100.0 ton
3328.0 16536.0 128.0 104.0 to
3508.0 16544.0 200.0 96.0 the
3756.0 16536.0 280.0 96.0 tune
4084.0 16536.0 132.0 96.0 of
4276.0 16536.0 64.0 96.0 8
4400.0 16536.0 140.0 96.0 to
4600.0 16532.0 108.0 96.0 3.

3192.0 16680.0 608.0 116.0 Tuesday's
3860.0 16676.0 396.0 112.0 league
4328.0 16692.0 412.0 96.0 games
4800.0 16668.0 496.0 96.0 resulted
5356.0 16688.0 120.0 72.0 as
5536.0 16664.0 168.0 96.0 fol-

3044.0 16820.0 332.0 96.0 lows:
3460.0 16820.0 488.0 108.0 Safeway
4024.0 16816.0 404.0 92.0 Stores
4524.0 16812.0 168.0 104.0 17,
4772.0 16808.0 292.0 92.0 Park
5140.0 16808.0 432.0 112.0 Garage
5644.0 16800.0 104.0 108.0 9;

3040.0 16960.0 532.0 96.0 Becker's
3672.0 16956.0 268.0 96.0 Beer
4044.0 16952.0 100.0 112.0 8,
4260.0 16944.0 628.0 100.0 Tri-State
4988.0 16944.0 480.0 92.0 Lumber
5576.0 16940.0 172.0 108.0 16;

3040.0 17096.0 596.0 96.0 Frankel's
3724.0 17092.0 312.0 96.0 Store
4128.0 17088.0 104.0 108.0 3,
4324.0 17084.0 660.0 120.0 Whiteway
5076.0 17080.0 96.0 112.0 4;
5272.0 17080.0 496.0 96.0 Sinclair

3044.0 17240.0 196.0 96.0 Oil
3336.0 17236.0 100.0 100.0 8.
3528.0 17232.0 312.0 96.0 State
3920.0 17228.0 336.0 96.0 Bank
4364.0 17224.0 52.0 92.0 1

3200.0 17372.0 464.0 84.0 Results
3768.0 17368.0 120.0 88.0 of
3992.0 17356.0 740.0 100.0 Thursday's
4844.0 17352.0 392.0 104.0 league
5336.0 17300.0 492.0 156.0 games:1

3048.0 17512.0 504.0 64.0 nfMoi,
3656.0 17508.0 164.0 68.0 nil
3932.0 17504.0 60.0 72.0 n
4140.0 17504.0 668.0 72.0 wwtPWAv
4916.0 17496.0 160.0 80.0 15:
5192.0 17488.0 576.0 88.0 Frankel's
5816.0 17464.0 8.0 40.0 1

3044.0 17672.0 348.0 76.0 Store
3500.0 17672.0 68.0 84.0 1,
3652.0 17672.0 504.0 84.0 eaieway
4244.0 17672.0 416.0 60.0 etores
4756.0 17672.0 100.0 72.0 o;
4960.0 17672.0 280.0 56.0 rain,
5320.0 17672.0 300.0 52.0 uam

3044.0 17784.0 104.0 112.0 7.
3268.0 17784.0 500.0 96.0 Becker's
3868.0 17784.0 284.0 88.0 Beer
4264.0 17780.0 188.0 104.0 36;
4584.0 17768.0 592.0 100.0 Tri-State
5272.0 17764.0 492.0 100.0 Lumber
5816.0 17780.0 8.0 76.0 ;

3036.0 17928.0 108.0 112.0 8,
3220.0 17924.0 328.0 96.0 State
3612.0 17920.0 312.0 96.0 Bank
4000.0 17916.0 168.0 96.0 11.

3196.0 18060.0 564.0 116.0 Standing
3872.0 18056.0 120.0 92.0 of
4108.0 18056.0 436.0 104.0 teams,
4664.0 18056.0 604.0 100.0 including
5376.0 18056.0 392.0 100.0 games

3028.0 18200.0 140.0 96.0 of
3244.0 18192.0 448.0 104.0 Aueust
3768.0 18188.0 216.0 100.0 1st:

4976.0 18336.0 148.0 76.0 W.
5256.0 18336.0 104.0 72.0 Jj.

5508.0 18308.0 248.0 96.0 Pet.

5544.0 18444.0 208.0 100.0 714
5808.0 18384.0 16.0 76.0 1

5548.0 18584.0 208.0 96.0 714
5808.0 18512.0 16.0 80.0 1

5520.0 18656.0 164.0 104.0 'c,
5812.0 18652.0 12.0 80.0 1

3032.0 18472.0 508.0 96.0 Sinclair
3628.0 18464.0 180.0 100.0 Oil
3896.0 18464.0 152.0 96.0 Co
5056.0 18452.0 120.0 96.0 10
5304.0 18448.0 68.0 96.0 4

3032.0 18604.0 596.0 104.0 Tri-State
3728.0 18604.0 496.0 96.0 Lumber
5056.0 18592.0 120.0 92.0 10
5308.0 18584.0 64.0 100.0 4

3036.0 18748.0 344.0 96.0 State
3488.0 18740.0 312.0 100.0 Bank
5116.0 18728.0 60.0 96.0 8
5312.0 18728.0 60.0 92.0 6

3036.0 18880.0 596.0 100.0 Frankel's
3692.0 18876.0 460.0 104.0 Clothes
4224.0 18872.0 340.0 112.0 Shop
5116.0 18864.0 64.0 96.0 7
5312.0 18860.0 64.0 96.0 6

5520.0 18796.0 240.0 156.0 -538
5816.0 18832.0 8.0 44.0 :

5556.0 18996.0 204.0 96.0 500
5816.0 18960.0 12.0 44.0 '

5524.0 19068.0 236.0 164.0 ;384

3028.0 19024.0 640.0 116.0 Whiteway
5120.0 19000.0 64.0 100.0 7
5316.0 18996.0 64.0 100.0 7

3032.0 19160.0 532.0 100.0 Becker's
3668.0 19160.0 268.0 88.0 Beer
5120.0 19168.0 60.0 68.0 o

3040.0 19292.0 528.0 108.0 Safeway
3684.0 19288.0 376.0 100.0 Stores
5120.0 19280.0 60.0 92.0 5
5312.0 19280.0 64.0 88.0 9

5560.0 19408.0 204.0 96.0 214

3036.0 19436.0 308.0 96.0 Park
3420.0 19432.0 424.0 112.0 Garage
5120.0 19412.0 60.0 100.0 3
5256.0 19412.0 120.0 96.0 11

3184.0 19584.0 248.0 88.0 The
3532.0 19584.0 256.0 84.0 nrst
3884.0 19584.0 252.0 76.0 nair
4244.0 19584.0 128.0 72.0 01
4484.0 19584.0 232.0 72.0 tne
4812.0 19584.0 392.0 64.0 season
5300.0 19584.0 100.0 60.0 is
5496.0 19584.0 160.0 60.0 uu

3044.0 19728.0 292.0 80.0 over
3448.0 19708.0 272.0 96.0 with
3836.0 19696.0 508.0 100.0 Sinclair
4472.0 19696.0 248.0 96.0 and
4840.0 19688.0 568.0 100.0 Tri-State
5520.0 19684.0 252.0 96.0 tied
5820.0 19712.0 16.0 100.0 ,

3040.0 19848.0 200.0 96.0 for
3320.0 19840.0 204.0 124.0 top
3596.0 19844.0 448.0 104.0 honors,
4124.0 19832.0 416.0 100.0 which
4624.0 19824.0 244.0 104.0 will
4940.0 19820.0 676.0 104.0 necessitate
5700.0 19832.0 136.0 152.0 a;

3880.0 19564.0 32.0 20.0 .
4336.0 19560.0 48.0 24.0 -
4504.0 19560.0 104.0 24.0 .,.
4820.0 19572.0 16.0 12.0 .

3040.0 19988.0 284.0 124.0 play
3384.0 19980.0 192.0 100.0 off,

3284.0 20148.0 492.0 124.0 Meeting
3852.0 20144.0 180.0 100.0 for
4116.0 20140.0 192.0 100.0 All
4396.0 20136.0 588.0 104.0 Members
5064.0 20128.0 480.0 120.0 Monday

3192.0 20324.0 120.0 104.0 It
3380.0 20328.0 100.0 96.0 Is
3544.0 20320.0 424.0 100.0 desired
4036.0 20312.0 288.0 100.0 that
4396.0 20308.0 172.0 104.0 all
4640.0 20308.0 564.0 100.0 members
5260.0 20300.0 308.0 104.0 meet
5640.0 20296.0 132.0 104.0 at

3048.0 20468.0 276.0 116.0 City
3400.0 20464.0 256.0 96.0 Hall
3724.0 20464.0 176.0 92.0 for
3980.0 20480.0 68.0 72.0 a
4124.0 20460.0 240.0 92.0 few
4440.0 20448.0 544.0 100.0 minutes
5052.0 20444.0 128.0 96.0 at
5244.0 20448.0 64.0 100.0 7
5384.0 20460.0 108.0 100.0 p.
5568.0 20460.0 200.0 84.0 m..

3044.0 20600.0 548.0 120.0 Monday,
3688.0 20592.0 444.0 120.0 August
4244.0 20588.0 264.0 116.0 5th,
4616.0 20588.0 140.0 96.0 to
4856.0 20580.0 380.0 104.0 decide
5336.0 20572.0 436.0 104.0 several

3044.0 20744.0 500.0 96.0 matters
3596.0 20736.0 124.0 100.0 of
3780.0 20728.0 780.0 124.0 Importance.

3192.0 20880.0 308.0 116.0 High
3592.0 20872.0 472.0 100.0 interest
4168.0 20872.0 104.0 92.0 Is
4376.0 20864.0 376.0 116.0 being
4844.0 20860.0 396.0 96.0 shown
5324.0 20852.0 132.0 100.0 ln
5552.0 20852.0 212.0 96.0 the

3052.0 21036.0 396.0 104.0 games
3532.0 21016.0 224.0 96.0 and
3844.0 21008.0 316.0 116.0 large
4248.0 21004.0 468.0 96.0 crowds
4808.0 21020.0 188.0 76.0 are
5084.0 21000.0 120.0 92.0 in
5288.0 20992.0 476.0 100.0 attend-

3512.0 21152.0 196.0 64.0 anh
3812.0 21152.0 344.0 64.0 Borlpa
4256.0 21144.0 144.0 72.0 nf
4504.0 21156.0 428.0 60.0 crftmps.
5028.0 21132.0 144.0 84.0 As
5256.0 21148.0 292.0 68.0 fiOOn
5640.0 21144.0 136.0 72.0 fiS

3044.0 21288.0 512.0 120.0 possible
3624.0 21288.0 204.0 92.0 the
3896.0 21280.0 308.0 100.0 final
4288.0 21276.0 580.0 100.0 schedule
4944.0 21272.0 228.0 100.0 will
5240.0 21268.0 148.0 100.0 be
5460.0 21260.0 308.0 128.0 pub-

3040.0 21440.0 392.0 88.0 llshed
3492.0 21440.0 124.0 84.0 in
3676.0 21440.0 236.0 84.0 roe
3976.0 21440.0 504.0 80.0 Kecora.

3512.0 21748.0 1144.0 232.0 Soapstone
4740.0 21740.0 596.0 196.0 News

3180.0 22152.0 372.0 100.0 When
3632.0 22148.0 200.0 100.0 the
3920.0 22144.0 472.0 96.0 Hobble
4496.0 22136.0 364.0 100.0 Creek
4952.0 22136.0 496.0 100.0 baseball
5548.0 22152.0 208.0 100.0 ag-
5804.0 22076.0 24.0 200.0 J

4800.0 22296.0 76.0 24.0 ..
5340.0 22272.0 284.0 48.0 e.4..,

3040.0 22432.0 232.0 116.0 day
3344.0 22424.0 180.0 100.0 for
3592.0 22448.0 68.0 72.0 a
3724.0 22420.0 232.0 96.0 ball
4032.0 22440.0 352.0 100.0 game
4456.0 22420.0 224.0 96.0 the
4752.0 22416.0 312.0 96.0 Utah
5132.0 22412.0 272.0 116.0 boys
5472.0 22404.0 292.0 104.0 took
5804.0 22360.0 296.0 156.0 'and
6176.0 22408.0 352.0 104.0 north
6600.0 22396.0 240.0 100.0 and
6908.0 22368.0 628.0 116.0 northeast
7676.0 22360.0 56.0 92.0 f
8100.0 22360.0 88.0 164.0 J

3048.0 22588.0 164.0 76.0 on
3320.0 22564.0 208.0 100.0 the
3624.0 22564.0 224.0 96.0 Cal.
3944.0 22556.0 608.0 100.0 members
4660.0 22552.0 136.0 96.0 of
4892.0 22552.0 208.0 96.0 the
5196.0 22564.0 332.0 100.0 camp
5632.0 22548.0 192.0 128.0 in,
5856.0 22556.0 304.0 100.0 tain.
7916.0 22604.0 384.0 88.0 rircln
8396.0 22612.0 188.0 80.0 ore

3040.0 22724.0 360.0 76.0 seven
3456.0 22700.0 456.0 112.0 innings
3980.0 22696.0 128.0 96.0 of
4168.0 22692.0 304.0 100.0 ball.
4540.0 22692.0 204.0 100.0 On
4804.0 22688.0 200.0 100.0 the
5068.0 22688.0 436.0 96.0 mound
5568.0 22684.0 192.0 96.0 for
5808.0 22700.0 24.0 100.0 ;
6012.0 22696.0 368.0 96.0 There
6476.0 22672.0 108.0 100.0 Is
6680.0 22680.0 324.0 84.0 more
7112.0 22632.0 696.0 112.0 untouched
8396.0 22632.0 68.0 64.0 0
8536.0 22728.0 48.0 96.0 f

4396.0 22832.0 32.0 48.0 4
5488.0 22824.0 276.0 56.0 .,utt
5812.0 22824.0 16.0 40.0 .
5872.0 22840.0 28.0 40.0 .
6532.0 22792.0 644.0 88.0 r,rntivelv
7276.0 22772.0 352.0 104.0 small
7728.0 22776.0 264.0 84.0 area
8088.0 22764.0 280.0 80.0 west
8464.0 22764.0 112.0 64.0 01

3056.0 22880.0 312.0 60.0 Ulan
3464.0 22880.0 212.0 52.0 woa
3768.0 22880.0 252.0 52.0 j-mu
4116.0 22880.0 356.0 64.0 u51,
4576.0 22880.0 312.0 44.0 mcTjo
4976.0 22880.0 340.0 64.0 ooiBc,

3040.0 22984.0 256.0 80.0 Ri
3404.0 22976.0 540.0 88.0 Johnson,
4060.0 22972.0 372.0 92.0 nieht
4544.0 22964.0 688.0 100.0 watchman,
5336.0 22960.0 428.0 100.0 hurled

3040.0 23120.0 192.0 96.0 for
3304.0 23116.0 232.0 96.0 Cal.
3600.0 23116.0 304.0 96.0 Utah
3976.0 23132.0 336.0 76.0 came
4392.0 23108.0 328.0 96.0 from
4788.0 23100.0 424.0 100.0 behind
5276.0 23100.0 132.0 96.0 to
5472.0 23100.0 356.0 96.0 trim.

3040.0 23256.0 220.0 92.0 the
3324.0 23256.0 308.0 92.0 coast
3692.0 23252.0 356.0 116.0 chaps
4116.0 23244.0 136.0 96.0 16
4320.0 23244.0 144.0 96.0 to
4528.0 23240.0 108.0 96.0 9.
4700.0 23240.0 116.0 96.0 It
4872.0 23260.0 228.0 76.0 was
5156.0 23232.0 308.0 120.0 great
5528.0 23236.0 240.0 96.0 fun
5808.0 23304.0 16.0 20.0 .

3048.0 23392.0 572.0 112.0 although
3700.0 23392.0 252.0 92.0 Dan
4044.0 23392.0 108.0 88.0 is
4244.0 23392.0 820.0 108.0 complaining
5140.0 23392.0 120.0 80.0 01
5352.0 23392.0 64.0 80.0 a
5504.0 23392.0 264.0 76.0 sore

3048.0 23552.0 256.0 72.0 arm
3364.0 23532.0 312.0 92.0 these
3736.0 23528.0 308.0 104.0 days.
5804.0 23500.0 24.0 132.0 j

3188.0 23796.0 260.0 104.0 Carl
3536.0 23796.0 284.0 116.0 Vega
3912.0 23792.0 240.0 96.0 and
4248.0 23788.0 184.0 96.0 Ed
4528.0 23784.0 452.0 116.0 Young,
5068.0 23780.0 280.0 96.0 both
5440.0 23776.0 252.0 100.0 Cali-

3044.0 23940.0 392.0 96.0 fornia
3512.0 23956.0 292.0 88.0 men,
3880.0 23928.0 468.0 96.0 trotted
4436.0 23924.0 172.0 96.0 off
4692.0 23920.0 128.0 96.0 to
4896.0 23920.0 204.0 96.0 the
5176.0 23916.0 268.0 96.0 Fort
5520.0 23912.0 240.0 100.0 last

3040.0 24076.0 320.0 96.0 week
3452.0 24072.0 316.0 100.0 there
3848.0 24068.0 132.0 96.0 to
4072.0 24060.0 448.0 100.0 attend
4620.0 24080.0 80.0 72.0 a
4788.0 24056.0 288.0 96.0 class
5156.0 24052.0 180.0 96.0 for
5424.0 24068.0 268.0 100.0 pros-

3052.0 24212.0 444.0 100.0 pective
3556.0 24204.0 660.0 108.0 lifeguards.
4296.0 24200.0 280.0 96.0 Carl
4656.0 24196.0 236.0 96.0 had
4956.0 24192.0 280.0 96.0 been
5304.0 24188.0 464.0 116.0 driving

3040.0 24356.0 220.0 92.0 the
3328.0 24364.0 308.0 100.0 army
3700.0 24340.0 372.0 108.0 truck,
4144.0 24332.0 380.0 100.0 while
4592.0 24328.0 172.0 100.0 Ed
4836.0 24324.0 436.0 100.0 worked
5344.0 24324.0 128.0 96.0 ln
5544.0 24320.0 216.0 100.0 the

3040.0 24484.0 544.0 120.0 hospital.
3636.0 24480.0 312.0 120.0 They
4000.0 24472.0 460.0 100.0 should
4520.0 24464.0 160.0 104.0 be
4736.0 24464.0 288.0 96.0 back
5080.0 24464.0 128.0 96.0 ln
5260.0 24460.0 500.0 100.0 another

3044.0 24628.0 348.0 92.0 week.

3192.0 24888.0 96.0 104.0 A
3376.0 24884.0 324.0 108.0 6mall
3784.0 24884.0 228.0 100.0 fire
4100.0 24876.0 388.0 100.0 broke
4584.0 24872.0 216.0 100.0 out
4892.0 24868.0 124.0 100.0 ln
5104.0 24884.0 332.0 104.0 camp
5524.0 24860.0 236.0 100.0 last

3060.0 25032.0 448.0 116.0 Friday,
3628.0 25024.0 224.0 96.0 and
3980.0 25012.0 616.0 116.0 although
4724.0 25004.0 652.0 100.0 Immediate
5496.0 25020.0 204.0 104.0 pre-

3052.0 25172.0 464.0 92.0 ventive
3612.0 25176.0 580.0 80.0 measures
4308.0 25172.0 308.0 76.0 were
4724.0 25144.0 476.0 120.0 applied,
5300.0 25160.0 232.0 76.0 one
5628.0 25140.0 136.0 96.0 of

3056.0 25308.0 216.0 96.0 the
3372.0 25296.0 308.0 100.0 tents
3776.0 25316.0 228.0 72.0 was
4104.0 25284.0 684.0 116.0 destroyed.
4884.0 25284.0 236.0 96.0 The
5212.0 25280.0 220.0 100.0 fire
5528.0 25300.0 240.0 76.0 was

3060.0 25436.0 644.0 104.0 discovered
3800.0 25428.0 156.0 124.0 by
4056.0 25428.0 312.0 100.0 Wm.
4484.0 25420.0 492.0 112.0 Kildow,
5068.0 25416.0 284.0 112.0 who,
5456.0 25416.0 316.0 100.0 after

3052.0 25576.0 420.0 116.0 noting
3560.0 25572.0 268.0 96.0 that
3924.0 25568.0 104.0 100.0 It
4124.0 25588.0 252.0 72.0 was
4480.0 25556.0 464.0 124.0 beyond
5036.0 25556.0 180.0 96.0 his
5312.0 25552.0 452.0 100.0 control

3048.0 25712.0 524.0 96.0 sounded
3644.0 25708.0 200.0 96.0 the
3924.0 25708.0 420.0 96.0 alarm.
4428.0 25696.0 156.0 100.0 In
4664.0 25716.0 528.0 100.0 response
5260.0 25696.0 212.0 92.0 the
5548.0 25716.0 152.0 72.0 en-

3052.0 25856.0 232.0 96.0 tire
3364.0 25864.0 324.0 100.0 camp
3756.0 25840.0 444.0 100.0 turned
4280.0 25844.0 244.0 92.0 out
4604.0 25856.0 284.0 96.0 muy
4964.0 25832.0 408.0 120.0 pronto
5448.0 25852.0 260.0 76.0 arm-

3056.0 25992.0 144.0 92.0 ed
3264.0 25988.0 280.0 96.0 with
3600.0 25984.0 348.0 92.0 water
4004.0 25976.0 528.0 100.0 buckets
4600.0 25976.0 236.0 96.0 and
4892.0 25968.0 876.0 116.0 extinguishers.

3056.0 26124.0 256.0 96.0 The
3420.0 26116.0 260.0 116.0 only
3792.0 26112.0 548.0 124.0 personal
4460.0 26108.0 244.0 100.0 loss
4812.0 26128.0 220.0 76.0 was
5140.0 26128.0 216.0 72.0 one
5472.0 26104.0 300.0 96.0 bath

3060.0 26260.0 336.0 96.0 towel
3488.0 26260.0 556.0 108.0 although
4136.0 26272.0 256.0 72.0 one
4488.0 26248.0 140.0 92.0 of
4720.0 26248.0 212.0 92.0 the
5012.0 26244.0 248.0 96.0 lads
5344.0 26244.0 424.0 92.0 carries

3064.0 26392.0 448.0 100.0 around
3588.0 26412.0 68.0 72.0 a
3736.0 26388.0 592.0 104.0 souvenir,
4420.0 26404.0 76.0 72.0 a
4584.0 26380.0 272.0 116.0 spot
4932.0 26400.0 148.0 76.0 on
5160.0 26380.0 184.0 92.0 his
5428.0 26376.0 344.0 96.0 cords

3064.0 26532.0 416.0 92.0 caused
3584.0 26528.0 292.0 92.0 from
3984.0 26544.0 72.0 76.0 a
4160.0 26520.0 668.0 116.0 misplaced
4928.0 26516.0 260.0 92.0 shot
5280.0 26516.0 316.0 92.0 from
5700.0 26532.0 68.0 76.0 a

3060.0 26656.0 604.0 132.0 "squlter."

3204.0 26936.0 208.0 100.0 Mr.
3472.0 26924.0 592.0 116.0 Slrkham,
4140.0 26928.0 284.0 92.0 who
4496.0 26944.0 244.0 72.0 was
4804.0 26940.0 212.0 76.0 our
5076.0 26916.0 260.0 100.0 first
5408.0 26936.0 360.0 96.0 sarge,

3068.0 27080.0 212.0 96.0 has
3336.0 27076.0 276.0 92.0 been
3668.0 27068.0 692.0 112.0 discharged
4420.0 27064.0 140.0 92.0 to
4616.0 27080.0 448.0 72.0 assume
5120.0 27060.0 200.0 92.0 the
5372.0 27060.0 396.0 92.0 duties

3072.0 27212.0 132.0 96.0 of
3320.0 27232.0 64.0 76.0 a
3488.0 27204.0 476.0 116.0 forestry
4076.0 27204.0 576.0 92.0 foreman
4760.0 27196.0 128.0 100.0 at
4928.0 27260.0 16.0 16.0 .
4988.0 27196.0 200.0 92.0 the
5292.0 27192.0 484.0 96.0 Kanosh

3076.0 27356.0 388.0 116.0 Camp,
3540.0 27348.0 192.0 96.0 Co.
3812.0 27340.0 312.0 104.0 1253.
4204.0 27340.0 236.0 100.0 Mx.
4528.0 27332.0 560.0 100.0 EUrkham
5160.0 27328.0 240.0 100.0 had
5480.0 27328.0 304.0 96.0 been

6200.0 2636.0 516.0 148.0 PAKK
6828.0 2664.0 484.0 172.0 CITY,
7432.0 2680.0 732.0 148.0 SUMMIT
8284.0 2700.0 776.0 176.0 COUNTY,
9176.0 2716.0 572.0 168.0 UTAH,
9864.0 2728.0 780.0 156.0 FRIDAY.
10752.0 2744.0 764.0 140.0 AUGUST

5904.0 3428.0 12.0 108.0 1
5972.0 3264.0 108.0 256.0 1

5904.0 3684.0 12.0 40.0 '
5972.0 3680.0 108.0 120.0 H

5972.0 3812.0 112.0 140.0 ft

5904.0 4464.0 12.0 64.0 '
5964.0 4488.0 480.0 112.0 GKEAT
6524.0 4508.0 276.0 100.0 ORE
6888.0 4516.0 48.0 96.0 1
6980.0 4520.0 268.0 104.0 ISSl
7300.0 4532.0 256.0 100.0 RES
7644.0 4540.0 184.0 96.0 OF

5964.0 4660.0 888.0 120.0 WONDERFUL
6924.0 4688.0 384.0 108.0 PARK
7384.0 4700.0 340.0 104.0 CITY
7800.0 4712.0 672.0 92.0 DISTRICT

6500.0 4848.0 24.0 24.0 ,
6936.0 4856.0 40.0 16.0 .
7556.0 4732.0 152.0 72.0 11
7800.0 4732.0 672.0 88.0 msnutT

5964.0 4872.0 952.0 76.0 ',,tltllul,
7192.0 4872.0 784.0 100.0 DISCUSSED
8064.0 4884.0 184.0 100.0 BY

5956.0 4996.0 636.0 116.0 CHARLES
6652.0 5020.0 500.0 104.0 MOORE

6088.0 5244.0 396.0 108.0 Editor
6552.0 5256.0 296.0 104.0 Park
6916.0 5268.0 484.0 112.0 Record:

6084.0 5416.0 56.0 100.0 I
6216.0 5428.0 412.0 100.0 realize
6704.0 5436.0 272.0 100.0 that
7052.0 5444.0 248.0 104.0 The
7372.0 5452.0 300.0 104.0 Park
7752.0 5464.0 436.0 104.0 Record
8268.0 5480.0 100.0 92.0 Is
8444.0 5488.0 208.0 96.0 not

5948.0 5576.0 72.0 76.0 a
6096.0 5564.0 580.0 100.0 technical
6752.0 5592.0 352.0 96.0 paper
7176.0 5592.0 236.0 92.0 and
7484.0 5592.0 60.0 96.0 I
7616.0 5604.0 416.0 84.0 realize
8108.0 5616.0 268.0 72.0 that,
8448.0 5620.0 212.0 68.0 w

5876.0 5736.0 520.0 64.0 iitrnuwB
6476.0 5736.0 116.0 68.0 01
6700.0 5736.0 228.0 76.0 ine
7008.0 5736.0 440.0 92.0 record
7536.0 5752.0 192.0 80.0 are
7812.0 5740.0 628.0 112.0 interested
8524.0 5756.0 128.0 100.0 in

5952.0 5872.0 576.0 68.0 i-cmicai
6604.0 5872.0 708.0 84.0 discussions
7384.0 5872.0 128.0 88.0 of
7584.0 5872.0 468.0 124.0 mining
8124.0 5892.0 476.0 96.0 matters-

5940.0 5968.0 576.0 108.0 therefore
6580.0 5980.0 52.0 96.0 I
6696.0 5988.0 304.0 100.0 shall
7060.0 6000.0 184.0 116.0 try
7312.0 6004.0 128.0 96.0 to
7496.0 6012.0 216.0 92.0 cut
7780.0 6024.0 216.0 88.0 out
8056.0 6016.0 204.0 100.0 the
8324.0 6028.0 260.0 96.0 tech-

5936.0 6108.0 312.0 96.0 nical
6332.0 6116.0 284.0 96.0 stuff
6700.0 6132.0 236.0 92.0 and
7020.0 6140.0 192.0 104.0 get
7292.0 6140.0 324.0 112.0 right
7700.0 6152.0 344.0 96.0 down
8124.0 6160.0 128.0 96.0 to
8336.0 6168.0 304.0 96.0 what

5936.0 6244.0 60.0 92.0 I
6064.0 6244.0 432.0 104.0 believe
6560.0 6256.0 128.0 96.0 to
6752.0 6260.0 144.0 96.0 be
6964.0 6272.0 332.0 112.0 plain
7356.0 6276.0 344.0 100.0 facts.

6080.0 6380.0 112.0 96.0 It
6284.0 6392.0 284.0 96.0 used
6656.0 6396.0 124.0 92.0 to
6876.0 6400.0 140.0 96.0 be
7112.0 6416.0 676.0 96.0 considered
7880.0 6440.0 72.0 76.0 a
8044.0 6424.0 248.0 104.0 fact
8380.0 6436.0 264.0 100.0 that

5932.0 6508.0 216.0 104.0 the
6232.0 6516.0 488.0 128.0 Hawkey
6732.0 6532.0 688.0 128.0 e-McHenry
7528.0 6548.0 352.0 116.0 (Park
7968.0 6556.0 364.0 124.0 Utah)
8432.0 6572.0 152.0 92.0 fis-

5932.0 6668.0 272.0 80.0 sure
6280.0 6676.0 228.0 76.0 was
6580.0 6668.0 208.0 92.0 the
6860.0 6680.0 460.0 92.0 eastern
7392.0 6680.0 464.0 104.0 faulted
7932.0 6704.0 524.0 108.0 segment
8524.0 6708.0 128.0 96.0 of

5928.0 6784.0 212.0 100.0 the
6200.0 6792.0 484.0 104.0 Ontario
6740.0 6808.0 300.0 96.0 vein.
7096.0 6808.0 304.0 116.0 Now,
7460.0 6836.0 172.0 80.0 we
7684.0 6824.0 360.0 96.0 think
8096.0 6852.0 164.0 76.0 we
8316.0 6836.0 324.0 100.0 know

5936.0 6928.0 276.0 96.0 that
6276.0 6932.0 204.0 100.0 the
6540.0 6936.0 1196.0 140.0 Hawkeye-McHenry
7804.0 6964.0 428.0 100.0 fissure
8292.0 6972.0 100.0 96.0 is
8448.0 6980.0 200.0 92.0 the

5932.0 7068.0 460.0 100.0 eastern
6468.0 7076.0 456.0 104.0 faulted
6996.0 7096.0 532.0 108.0 segment
7604.0 7100.0 128.0 96.0 of
7800.0 7100.0 216.0 100.0 the
8084.0 7104.0 564.0 124.0 Flagstaff

5932.0 7200.0 460.0 120.0 fissure,
6508.0 7216.0 232.0 100.0 and
6852.0 7220.0 272.0 100.0 that
7236.0 7232.0 208.0 92.0 the
7560.0 7232.0 320.0 120.0 large
7992.0 7240.0 420.0 104.0 fissure
8520.0 7272.0 124.0 76.0 so

5936.0 7344.0 688.0 112.0 productive
6736.0 7356.0 132.0 96.0 in
6984.0 7360.0 212.0 100.0 the
7312.0 7368.0 308.0 96.0 Park
7744.0 7376.0 264.0 120.0 City
8128.0 7384.0 460.0 100.0 Consoli-

5920.0 7480.0 348.0 100.0 dated
6352.0 7496.0 444.0 108.0 ground
6872.0 7492.0 96.0 100.0 Is
7040.0 7496.0 212.0 104.0 the
7320.0 7512.0 468.0 96.0 eastern
7856.0 7516.0 460.0 104.0 faulted
8384.0 7544.0 192.0 100.0 seg-

5916.0 7624.0 336.0 96.0 ment
6316.0 7628.0 120.0 92.0 of
6496.0 7632.0 204.0 92.0 the
6760.0 7632.0 496.0 104.0 Ontario
7312.0 7644.0 464.0 104.0 fissure.

6052.0 7792.0 100.0 100.0 A
6232.0 7800.0 320.0 116.0 great
6624.0 7800.0 424.0 104.0 fissure
7148.0 7812.0 216.0 116.0 (an
7444.0 7836.0 628.0 88.0 enormous
8148.0 7828.0 468.0 128.0 fissure)

5912.0 7948.0 296.0 80.0 runs
6296.0 7936.0 180.0 96.0 for
6564.0 7960.0 72.0 80.0 a
6724.0 7940.0 276.0 124.0 long
7088.0 7952.0 540.0 104.0 distance
7716.0 7960.0 520.0 124.0 through
8324.0 7968.0 248.0 100.0 Bon

5916.0 8104.0 300.0 68.0 anza
6276.0 8104.0 292.0 84.0 riai,
6632.0 8104.0 232.0 76.0 ana
6928.0 8104.0 432.0 80.0 tnence
7416.0 8104.0 528.0 112.0 through
8008.0 8104.0 208.0 96.0 the
8280.0 8112.0 352.0 96.0 south

5852.0 8212.0 288.0 104.0 .nd
6228.0 8212.0 124.0 96.0 of
6432.0 8216.0 212.0 100.0 the
6728.0 8220.0 432.0 108.0 Jimmy
7248.0 8228.0 392.0 100.0 Burns
7732.0 8240.0 448.0 88.0 eround
8288.0 8244.0 336.0 84.0 fP&rk

5844.0 8352.0 20.0 144.0 !
5908.0 8344.0 292.0 152.0 ?u7.
6276.0 8352.0 264.0 96.0 star
6708.0 8364.0 232.0 96.0 and
7116.0 8384.0 196.0 80.0 ver
7404.0 8368.0 220.0 96.0 the
7716.0 8380.0 364.0 96.0 south
8180.0 8384.0 224.0 96.0 end
8504.0 8384.0 124.0 96.0 of

5912.0 8484.0 296.0 108.0 Bald
6316.0 8492.0 656.0 116.0 Mountain,
7084.0 8508.0 220.0 92.0 not
7412.0 8508.0 192.0 96.0 far
7708.0 8512.0 312.0 100.0 from
8124.0 8512.0 216.0 104.0 the
8440.0 8516.0 192.0 124.0 big

5900.0 8624.0 232.0 100.0 flat
6200.0 8628.0 204.0 120.0 top
6468.0 8636.0 132.0 92.0 of
6664.0 8636.0 288.0 100.0 Bald
7020.0 8636.0 676.0 108.0 Mountain.
7764.0 8648.0 364.0 112.0 Then,
8200.0 8676.0 156.0 76.0 on
8420.0 8656.0 212.0 100.0 the

5904.0 8764.0 620.0 104.0 southeast
6608.0 8772.0 320.0 120.0 slope
7016.0 8780.0 128.0 92.0 of
7236.0 8780.0 296.0 100.0 Bald
7620.0 8784.0 668.0 120.0 Mountain,
8380.0 8792.0 248.0 120.0 Just

5912.0 8920.0 72.0 76.0 a
6100.0 8904.0 328.0 96.0 short
6536.0 8908.0 528.0 100.0 distance
7172.0 8916.0 372.0 100.0 below
7652.0 8924.0 216.0 96.0 the
7972.0 8928.0 240.0 120.0 top.
8324.0 8928.0 104.0 100.0 It
8528.0 8936.0 100.0 96.0 is

5900.0 9032.0 500.0 116.0 faulted,
6468.0 9044.0 240.0 100.0 and
6764.0 9052.0 216.0 96.0 the
7048.0 9048.0 464.0 104.0 faulted
7580.0 9064.0 464.0 96.0 eastern
8104.0 9068.0 520.0 116.0 segment

5896.0 9312.0 332.0 124.0 slope
6300.0 9316.0 120.0 96.0 of
6496.0 9320.0 292.0 100.0 Bald
6864.0 9324.0 636.0 104.0 Mountain
7572.0 9336.0 248.0 96.0 and
7892.0 9356.0 296.0 80.0 runs
8260.0 9364.0 160.0 76.0 on
8492.0 9340.0 132.0 104.0 in

5904.0 9468.0 160.0 80.0 an
6148.0 9456.0 492.0 120.0 easterly
6728.0 9460.0 576.0 104.0 direction
7396.0 9472.0 132.0 96.0 to
7616.0 9472.0 216.0 100.0 the
7920.0 9476.0 192.0 96.0 old
8200.0 9476.0 420.0 100.0 Nelson

5900.0 9592.0 416.0 104.0 Queen
6380.0 9600.0 448.0 112.0 ground
6900.0 9620.0 124.0 76.0 or
7088.0 9600.0 300.0 100.0 Park
7456.0 9608.0 540.0 100.0 Premier.
8060.0 9612.0 280.0 100.0 This
8408.0 9620.0 152.0 92.0 fis

5844.0 9720.0 256.0 180.0 i?Ur
6244.0 9732.0 104.0 96.0 18
6480.0 9736.0 760.0 172.0 ne,Wasatch
7312.0 9740.0 464.0 104.0 flssure-
8224.0 9752.0 396.0 120.0 Joined

5896.0 10000.0 464.0 104.0 faulted
6432.0 10012.0 524.0 112.0 segment
7020.0 10016.0 132.0 96.0 of
7224.0 10016.0 216.0 96.0 the
7508.0 10020.0 552.0 116.0 Flagstaff
8128.0 10028.0 472.0 112.0 fissure)

5904.0 10140.0 132.0 96.0 at
6152.0 10164.0 68.0 72.0 a
6332.0 10148.0 340.0 116.0 point
6780.0 10168.0 156.0 76.0 on
7048.0 10172.0 132.0 72.0 or
7292.0 10176.0 288.0 76.0 near
7688.0 10160.0 216.0 96.0 the
8016.0 10164.0 608.0 96.0 southeast

5904.0 10272.0 604.0 128.0 boundary
6572.0 10284.0 236.0 96.0 line
6872.0 10284.0 128.0 100.0 of
7056.0 10288.0 216.0 100.0 the
7328.0 10292.0 284.0 96.0 East
7668.0 10296.0 324.0 92.0 Utah
8056.0 10300.0 544.0 116.0 property,

5924.0 10416.0 484.0 112.0 (Correll
6520.0 10424.0 480.0 112.0 ground,
7116.0 10448.0 128.0 72.0 or
7356.0 10428.0 516.0 116.0 possibly
7984.0 10432.0 276.0 96.0 East
8368.0 10436.0 256.0 96.0 Side

5904.0 10548.0 368.0 100.0 Silver
6360.0 10560.0 532.0 120.0 ground.)
6996.0 10560.0 288.0 100.0 This
7372.0 10568.0 328.0 108.0 great
7788.0 10568.0 544.0 100.0 Wasatch
8408.0 10572.0 156.0 96.0 fis-

5900.0 10708.0 304.0 96.0 sure,
6292.0 10692.0 232.0 100.0 like
6604.0 10696.0 212.0 96.0 the
6904.0 10700.0 324.0 112.0 great
7312.0 10700.0 496.0 100.0 Ontario
7900.0 10704.0 428.0 100.0 fissure
8404.0 10728.0 220.0 76.0 can

5904.0 10824.0 148.0 100.0 be
6116.0 10828.0 396.0 100.0 traced
6580.0 10832.0 184.0 96.0 for
6832.0 10836.0 336.0 92.0 miles
7240.0 10840.0 236.0 92.0 and
7548.0 10840.0 344.0 96.0 miles
7960.0 10844.0 232.0 92.0 and
8264.0 10844.0 360.0 96.0 miles.

5904.0 10960.0 116.0 96.0 It
6080.0 10964.0 104.0 96.0 is
6236.0 10964.0 392.0 120.0 Joined
6688.0 10972.0 344.0 116.0 again
7092.0 10972.0 152.0 120.0 by
7300.0 10972.0 208.0 100.0 the
5908.0 10976.0 2712.0 252.0 Flagstaff-Hawk-eye-McHenry

6820.0 11112.0 428.0 96.0 fissure
7328.0 11132.0 324.0 104.0 away
7732.0 11136.0 272.0 76.0 over
8080.0 11136.0 160.0 76.0 on
8316.0 11116.0 248.0 100.0 Bon-

5904.0 11264.0 296.0 72.0 anza
6264.0 11244.0 288.0 96.0 Flat.

6048.0 11380.0 180.0 100.0 All
6344.0 11380.0 208.0 100.0 the
6664.0 11380.0 320.0 120.0 great
7096.0 11384.0 384.0 124.0 major
7592.0 11388.0 484.0 96.0 fissures
8188.0 11388.0 124.0 100.0 of
8420.0 11392.0 196.0 96.0 the

5912.0 11516.0 492.0 108.0 district,
6528.0 11520.0 364.0 96.0 Silver
7008.0 11520.0 320.0 120.0 King
7444.0 11524.0 520.0 108.0 fissures.
8088.0 11528.0 532.0 96.0 Crescent

5888.0 11652.0 460.0 108.0 fissure,
6424.0 11656.0 488.0 100.0 Ontario
6976.0 11660.0 464.0 112.0 fissure,
7516.0 11660.0 576.0 116.0 Flagstaff
8156.0 11668.0 444.0 104.0 fissure,

5896.0 11796.0 536.0 96.0 Wasatch
6532.0 11800.0 456.0 104.0 fissure,
7088.0 11800.0 512.0 96.0 Glencoe
7696.0 11804.0 456.0 104.0 fissure,
8272.0 11800.0 336.0 120.0 (Park

5896.0 11932.0 496.0 116.0 Galena)
6516.0 11936.0 232.0 96.0 and
6852.0 11936.0 352.0 96.0 Valeo
7300.0 11936.0 436.0 96.0 fissure
7832.0 11956.0 188.0 76.0 are
8124.0 11940.0 484.0 108.0 faulted,

5904.0 12076.0 236.0 88.0 and
6260.0 12072.0 452.0 116.0 tracing
6832.0 12072.0 332.0 96.0 them
7288.0 12076.0 316.0 92.0 from
7728.0 12076.0 640.0 92.0 southwest
8488.0 12076.0 128.0 92.0 to

5892.0 12208.0 636.0 112.0 northeast,
6628.0 12208.0 96.0 96.0 it
6824.0 12212.0 100.0 92.0 is
7020.0 12232.0 604.0 96.0 necessary
7712.0 12208.0 132.0 92.0 to
7940.0 12212.0 260.0 116.0 step
8292.0 12212.0 152.0 92.0 off
8540.0 12232.0 68.0 76.0 a

5888.0 12348.0 604.0 96.0 thousand
6600.0 12368.0 128.0 76.0 or
6832.0 12372.0 128.0 72.0 so
7072.0 12348.0 244.0 96.0 feet
7424.0 12348.0 136.0 96.0 to
7664.0 12348.0 216.0 96.0 the
7988.0 12348.0 380.0 104.0 north,
8484.0 12348.0 124.0 96.0 in

5888.0 12488.0 336.0 92.0 order
6332.0 12484.0 132.0 96.0 to
6576.0 12484.0 272.0 124.0 pick
6964.0 12504.0 168.0 104.0 up
7248.0 12484.0 208.0 100.0 the
7580.0 12484.0 464.0 100.0 eastern
8156.0 12480.0 456.0 100.0 faulted

5884.0 12620.0 620.0 116.0 segments.

6036.0 12764.0 404.0 96.0 Where
6560.0 12780.0 184.0 76.0 are
6864.0 12756.0 216.0 100.0 the
7196.0 12756.0 468.0 100.0 eastern
7784.0 12752.0 464.0 100.0 faulted
8360.0 12776.0 196.0 96.0 seg-

5884.0 12900.0 392.0 96.0 ments
6352.0 12900.0 128.0 96.0 of
6556.0 12900.0 212.0 96.0 the
6848.0 12896.0 368.0 96.0 Silver
7296.0 12900.0 320.0 112.0 King
7696.0 12896.0 544.0 92.0 fissures?
8324.0 12892.0 276.0 96.0 This

5884.0 13056.0 480.0 100.0 appears
6460.0 13056.0 128.0 76.0 as
6680.0 13036.0 328.0 116.0 plain
7108.0 13056.0 128.0 72.0 as
7328.0 13036.0 232.0 112.0 day
7652.0 13032.0 132.0 96.0 to
7876.0 13052.0 220.0 72.0 me.
8192.0 13032.0 408.0 116.0 Figure

5884.0 13180.0 100.0 76.0 1t.
6056.0 13180.0 240.0 76.0 nut.
6364.0 13176.0 404.0 80.0 Where
6840.0 13176.0 96.0 80.0 Is
7004.0 13172.0 212.0 84.0 the
7288.0 13176.0 480.0 80.0 eastern
7828.0 13168.0 456.0 88.0 faulted
8348.0 13188.0 220.0 68.0 see.

5880.0 13316.0 332.0 96.0 ment
6272.0 13316.0 120.0 96.0 of
6448.0 13316.0 212.0 92.0 tne
6716.0 13312.0 324.0 116.0 great
7096.0 13312.0 556.0 96.0 crescent
7712.0 13308.0 484.0 96.0 fissure?
8260.0 13300.0 340.0 104.0 What

5876.0 13456.0 532.0 92.0 becomes
6472.0 13452.0 128.0 96.0 of
6664.0 13452.0 100.0 96.0 It
6832.0 13448.0 308.0 100.0 after
7208.0 13448.0 472.0 116.0 coming
7748.0 13448.0 344.0 92.0 down
8156.0 13444.0 444.0 96.0 Walker

5880.0 13596.0 236.0 96.0 and
6224.0 13592.0 508.0 96.0 Webster
6840.0 13588.0 456.0 96.0 Gulch?
7408.0 13584.0 420.0 96.0 Would
7940.0 13584.0 96.0 92.0 It
8140.0 13580.0 212.0 100.0 not
8456.0 13580.0 144.0 92.0 be

5880.0 13732.0 460.0 96.0 faulted
6456.0 13732.0 336.0 92.0 down
6908.0 13724.0 260.0 100.0 Into
7280.0 13720.0 216.0 100.0 the
7612.0 13720.0 608.0 96.0 American
8332.0 13716.0 272.0 116.0 Flag

5880.0 13868.0 452.0 116.0 ground
6408.0 13868.0 232.0 96.0 and
6716.0 13864.0 384.0 96.0 would
7180.0 13860.0 104.0 100.0 It
7356.0 13860.0 224.0 96.0 not
7652.0 13876.0 232.0 76.0 run
7956.0 13876.0 156.0 76.0 on
8184.0 13856.0 416.0 92.0 thence

5888.0 14008.0 516.0 116.0 through
6552.0 14004.0 212.0 96.0 the
6908.0 14000.0 308.0 96.0 Park
7364.0 14000.0 272.0 116.0 City
7792.0 13992.0 808.0 100.0 Consolidated

5884.0 14144.0 516.0 124.0 ground?

6016.0 14284.0 292.0 116.0 Why
6384.0 14276.0 100.0 100.0 it
6556.0 14280.0 100.0 96.0 Is
6720.0 14272.0 280.0 100.0 that
7072.0 14272.0 216.0 100.0 the
7360.0 14272.0 356.0 96.0 Valeo
7788.0 14268.0 456.0 108.0 fissure,
8312.0 14260.0 288.0 100.0 Park

5884.0 14424.0 448.0 96.0 Galena
6408.0 14420.0 460.0 104.0 fissure,
6948.0 14412.0 552.0 96.0 Wasatch
7576.0 14408.0 432.0 96.0 fissure
8088.0 14400.0 240.0 96.0 and
8400.0 14396.0 204.0 96.0 the

5888.0 14564.0 388.0 92.0 estern
6360.0 14556.0 464.0 96.0 faulted
6912.0 14548.0 536.0 116.0 segment
7536.0 14544.0 128.0 96.0 of
7748.0 14544.0 212.0 92.0 the
8044.0 14536.0 568.0 116.0 Flagstaff

5896.0 14700.0 428.0 96.0 fissure
6452.0 14680.0 1308.0 132.0 (Hawkeye-McHenry)
7892.0 14672.0 156.0 100.0 all
8156.0 14676.0 296.0 92.0 have
8552.0 14688.0 64.0 76.0 a

5884.0 14836.0 580.0 112.0 tendency
6552.0 14832.0 124.0 92.0 to
6764.0 14832.0 292.0 92.0 turn
7140.0 14820.0 368.0 100.0 south
7600.0 14812.0 492.0 116.0 easterly
8176.0 14804.0 432.0 100.0 toward

5884.0 14976.0 316.0 96.0 their
6260.0 14964.0 484.0 136.0 easterly
6808.0 14964.0 320.0 108.0 ends,
7196.0 14956.0 472.0 96.0 Instead
7728.0 14952.0 132.0 100.0 of
7916.0 14944.0 692.0 116.0 continuing

5884.0 15136.0 152.0 72.0 on
6140.0 15112.0 352.0 92.0 north
6584.0 15104.0 496.0 112.0 easterly
7176.0 15100.0 240.0 96.0 like
7504.0 15092.0 216.0 96.0 the
7816.0 15084.0 488.0 100.0 Ontario
8392.0 15084.0 152.0 96.0 fis-

5880.0 15272.0 276.0 76.0 sure
6232.0 15244.0 328.0 100.0 does?
6644.0 15240.0 500.0 96.0 Answer.
7228.0 15232.0 92.0 96.0 A
7400.0 15228.0 320.0 116.0 large
7800.0 15224.0 540.0 112.0 territory
8416.0 15220.0 124.0 92.0 to-

5876.0 15388.0 312.0 96.0 ward
6280.0 15384.0 204.0 96.0 the
6572.0 15376.0 496.0 116.0 easterly
7156.0 15372.0 436.0 96.0 known
7684.0 15364.0 292.0 96.0 ends
8064.0 15360.0 124.0 96.0 of
8272.0 15356.0 328.0 96.0 these

5876.0 15528.0 480.0 96.0 fissures
6424.0 15524.0 216.0 92.0 has
6712.0 15512.0 416.0 100.0 moved
7200.0 15504.0 400.0 108.0 south,
7676.0 15500.0 232.0 96.0 but
7980.0 15488.0 556.0 124.0 apparent-

5876.0 15672.0 116.0 112.0 ly
6076.0 15664.0 240.0 96.0 this
6396.0 15656.0 640.0 124.0 particular
7108.0 15644.0 684.0 100.0 movement
7872.0 15640.0 236.0 92.0 had
8188.0 15648.0 156.0 76.0 no
8420.0 15628.0 116.0 96.0 ef-

5880.0 15804.0 248.0 96.0 fect
6244.0 15800.0 572.0 96.0 whatever
6932.0 15808.0 160.0 76.0 on
7208.0 15784.0 216.0 92.0 the
7544.0 15776.0 496.0 96.0 Ontario
8152.0 15768.0 448.0 100.0 fissure,

5876.0 15944.0 492.0 96.0 because
6460.0 15932.0 92.0 100.0 it
6644.0 15952.0 268.0 92.0 goes
6992.0 15916.0 328.0 124.0 right
7412.0 15936.0 164.0 76.0 on
7668.0 15912.0 360.0 96.0 north
8112.0 15900.0 488.0 116.0 easterly

5880.0 16100.0 380.0 80.0 across
6344.0 16080.0 208.0 92.0 the
6640.0 16068.0 296.0 96.0 Park
7032.0 16056.0 708.0 120.0 City-Heber
7832.0 16044.0 372.0 120.0 paved
8288.0 16040.0 304.0 100.0 road,

5876.0 16224.0 236.0 92.0 and
6188.0 16240.0 152.0 72.0 no
6412.0 16232.0 220.0 80.0 one
6700.0 16208.0 404.0 92.0 knows
7180.0 16200.0 264.0 96.0 how
7520.0 16188.0 368.0 100.0 much
7960.0 16180.0 464.0 100.0 further
8500.0 16172.0 96.0 100.0 it

5880.0 16356.0 476.0 100.0 extends
6420.0 16348.0 360.0 100.0 north
6848.0 16332.0 528.0 120.0 easterly.

6008.0 16500.0 288.0 108.0 Why
6356.0 16512.0 228.0 72.0 was
6640.0 16488.0 212.0 92.0 the
6912.0 16476.0 500.0 100.0 Ontario
7464.0 16472.0 436.0 92.0 fissure
7948.0 16456.0 220.0 116.0 pot
8224.0 16452.0 52.0 96.0 f
8284.0 16448.0 304.0 100.0 ault-

5884.0 16780.0 512.0 112.0 Canyon,
6504.0 16768.0 240.0 92.0 like
6848.0 16760.0 212.0 92.0 the
7172.0 16744.0 556.0 104.0 crescent
7836.0 16736.0 424.0 96.0 fissure
8368.0 16720.0 228.0 100.0 and

5880.0 16920.0 216.0 92.0 the
6200.0 16912.0 360.0 92.0 Silver
6660.0 16912.0 316.0 104.0 King
7080.0 16912.0 552.0 72.0 nssures.-
7744.0 16912.0 508.0 56.0 au&wi.
8380.0 16912.0 148.0 44.0 i"

5876.0 17048.0 488.0 100.0 Ontario
6476.0 17044.0 424.0 96.0 fissure
7012.0 17032.0 276.0 92.0 does
7400.0 17012.0 220.0 104.0 not
7732.0 17032.0 308.0 72.0 cross
8144.0 16996.0 452.0 120.0 Empire

5876.0 17192.0 508.0 112.0 Canyon,
6484.0 17192.0 444.0 104.0 proper.
7028.0 17168.0 116.0 92.0 It
7244.0 17176.0 436.0 80.0 crosses
7776.0 17168.0 212.0 76.0 tne
8080.0 17168.0 296.0 68.0 neaa
8472.0 17168.0 112.0 60.0 01

5880.0 17336.0 212.0 88.0 the
6200.0 17324.0 344.0 120.0 gulch
6648.0 17316.0 360.0 96.0 above
7108.0 17296.0 464.0 116.0 Empire
7680.0 17292.0 512.0 108.0 Canyon,
8292.0 17292.0 356.0 92.0 rigni,

5872.0 17472.0 124.0 96.0 at
6072.0 17468.0 204.0 96.0 the
6356.0 17460.0 220.0 100.0 Old
6652.0 17456.0 460.0 104.0 Quincy
7188.0 17456.0 360.0 84.0 mine,
7628.0 17456.0 236.0 68.0 ana
7944.0 17456.0 260.0 80.0 gura
8344.0 17456.0 188.0 68.0 ,Bu

6112.0 17472.0 164.0 88.0 ;he
6356.0 17472.0 220.0 88.0 Old
6652.0 17472.0 460.0 88.0 yuincy
7188.0 17472.0 360.0 68.0 mine.
8276.0 17472.0 476.0 116.0 "-jd

6124.0 17592.0 668.0 108.0 southwest,
6908.0 17576.0 528.0 124.0 (looking
7536.0 17552.0 644.0 112.0 southwest
8272.0 17544.0 296.0 112.0 now)

5864.0 17672.0 164.0 32.0 v-
6776.0 17672.0 16.0 20.0 '
7356.0 17672.0 392.0 100.0 Aivtrio
7832.0 17696.0 120.0 76.0 at
8036.0 17696.0 208.0 76.0 the
8328.0 17680.0 260.0 92.0 "bie
8632.0 17728.0 12.0 44.0 1

5868.0 17744.0 236.0 96.0 and
6188.0 17752.0 428.0 80.0 crosses
6708.0 17744.0 268.0 76.0 over
7056.0 17720.0 216.0 92.0 the
7708.0 17724.0 116.0 128.0 L
7832.0 17712.0 124.0 80.0 "
8036.0 17712.0 208.0 76.0 tne
8404.0 17712.0 184.0 84.0 DIB

6256.0 17896.0 140.0 40.0 on
6548.0 17888.0 144.0 48.0 nn
6768.0 17860.0 260.0 76.0 into
7088.0 17856.0 560.0 80.0 Bonanza
7708.0 17832.0 292.0 100.0 Flat.

6008.0 18016.0 112.0 96.0 If
6220.0 18032.0 220.0 76.0 one
6540.0 17996.0 232.0 100.0 will
6872.0 17988.0 192.0 120.0 get
7164.0 18008.0 68.0 72.0 a
7332.0 17976.0 368.0 100.0 bird's
7796.0 17988.0 200.0 96.0 eye
8092.0 17956.0 284.0 100.0 view
8468.0 17948.0 124.0 100.0 of

5864.0 18156.0 336.0 96.0 these
6288.0 18140.0 316.0 124.0 great
6692.0 18132.0 376.0 116.0 major
7156.0 18124.0 488.0 92.0 fissures
7736.0 18108.0 132.0 96.0 in
7952.0 18100.0 192.0 96.0 his
8224.0 18092.0 356.0 100.0 mind,

5992.0 18288.0 348.0 64.0 lotivo
6500.0 18300.0 64.0 52.0 n
6656.0 18272.0 216.0 80.0 the
6964.0 18248.0 736.0 104.0 toDoeranhy
7796.0 18236.0 232.0 100.0 and
8128.0 18228.0 452.0 124.0 geology

5864.0 18436.0 124.0 92.0 cf
6064.0 18432.0 204.0 92.0 the
6348.0 18412.0 492.0 108.0 district,
6916.0 18408.0 160.0 92.0 he
7152.0 18396.0 236.0 96.0 will
7472.0 18392.0 344.0 88.0 know
7896.0 18372.0 252.0 124.0 Just
8224.0 18360.0 356.0 104.0 about

5868.0 18568.0 376.0 96.0 where
6308.0 18556.0 232.0 100.0 and
6608.0 18548.0 128.0 100.0 at
6800.0 18540.0 320.0 100.0 what
7188.0 18528.0 376.0 120.0 depth
7624.0 18524.0 136.0 96.0 to
7820.0 18516.0 248.0 96.0 look
8068.0 18532.0 12.0 76.0 :
8148.0 18508.0 184.0 96.0 for
8392.0 18500.0 192.0 112.0 big

6132.0 18700.0 400.0 60.0 -horfiAa
6648.0 18688.0 140.0 72.0 As
6860.0 18704.0 148.0 56.0 nn
7092.0 18664.0 768.0 96.0 illustration,
7936.0 18652.0 56.0 96.0 I
8060.0 18652.0 356.0 92.0 think
8488.0 18652.0 96.0 80.0 it

5868.0 18840.0 428.0 104.0 foolish
6364.0 18832.0 128.0 96.0 to
6552.0 18816.0 408.0 124.0 expect
7020.0 18812.0 368.0 100.0 much
7456.0 18824.0 200.0 76.0 ore
7712.0 18816.0 164.0 76.0 on
7936.0 18784.0 280.0 100.0 East
8276.0 18776.0 308.0 104.0 Utah

5876.0 18976.0 448.0 116.0 ground
6408.0 18960.0 408.0 120.0 except
6904.0 18956.0 124.0 100.0 at
7116.0 18952.0 208.0 92.0 the
7420.0 18940.0 516.0 96.0 extreme
8016.0 18920.0 356.0 100.0 south
8460.0 18932.0 128.0 76.0 or

5876.0 19112.0 604.0 104.0 southeast
6572.0 19100.0 232.0 100.0 end
6896.0 19096.0 128.0 96.0 of
7116.0 19088.0 128.0 112.0 it,
7344.0 19076.0 240.0 104.0 and
7676.0 19072.0 300.0 96.0 then
8068.0 19060.0 124.0 96.0 at
8280.0 19064.0 308.0 88.0 some

6296.0 19240.0 352.0 64.0 rf.tv,
6804.0 19248.0 200.0 56.0 oov
7108.0 19224.0 208.0 80.0 ann
7424.0 19212.0 252.0 92.0 feet
7776.0 19208.0 136.0 96.0 to
8020.0 19196.0 200.0 100.0 600
8328.0 19192.0 268.0 96.0 feet.

5820.0 19392.0 584.0 120.0 (Another
6532.0 19364.0 732.0 112.0 illustration
7388.0 19360.0 104.0 92.0 Is
7612.0 19348.0 216.0 96.0 the
7944.0 19332.0 280.0 100.0 East
8344.0 19320.0 264.0 104.0 Side

5876.0 19540.0 364.0 44.0 rn..n-
6344.0 19536.0 164.0 48.0 'T'Vi
6528.0 19536.0 24.0 48.0 1
6572.0 19544.0 48.0 40.0 c
6696.0 19536.0 536.0 48.0 nmnprLV
7308.0 19536.0 376.0 48.0 Heciiia
7764.0 19536.0 120.0 44.0 w

5876.0 19584.0 396.0 48.0 nu.u.
6696.0 19584.0 460.0 48.0 ,..-r...
7480.0 19624.0 296.0 64.0 .,Ww
7872.0 19608.0 292.0 80.0 ,rpat.
8224.0 19600.0 336.0 88.0 merit

5880.0 19668.0 560.0 104.0 siderable
6504.0 19652.0 384.0 104.0 merit,
6956.0 19640.0 240.0 104.0 and
7260.0 19624.0 516.0 128.0 voW

5876.0 19808.0 232.0 104.0 but
6196.0 19784.0 684.0 140.0 apparently
7012.0 19780.0 100.0 100.0 it
7216.0 19764.0 476.0 108.0 wlllbe
7784.0 19736.0 808.0 128.0 nWto

5872.0 20084.0 280.0 112.0 feet,
6240.0 20076.0 240.0 100.0 and
6568.0 20088.0 160.0 76.0 on
6816.0 20060.0 212.0 96.0 the
7116.0 20044.0 332.0 124.0 right
7536.0 20040.0 464.0 100.0 fissure;
8104.0 20012.0 268.0 108.0 that
8460.0 20012.0 128.0 104.0 Is,

5872.0 20232.0 216.0 92.0 the
6160.0 20216.0 320.0 120.0 great
6548.0 20200.0 552.0 104.0 Wasatch
7164.0 20192.0 468.0 92.0 fissure.

6020.0 20356.0 516.0 100.0 Another
6660.0 20336.0 356.0 116.0 thing
7140.0 20312.0 436.0 108.0 should
7704.0 20304.0 148.0 100.0 be
7976.0 20296.0 348.0 100.0 borne
8468.0 20280.0 120.0 100.0 to

5876.0 20500.0 380.0 100.0 mind:
6336.0 20492.0 248.0 96.0 The
6656.0 20476.0 328.0 124.0 great
7064.0 20460.0 504.0 116.0 Clayton
7648.0 20436.0 292.0 128.0 peak
8012.0 20424.0 584.0 124.0 eruptives

5876.0 20664.0 196.0 72.0 are
6152.0 20632.0 212.0 100.0 the
6444.0 20636.0 408.0 84.0 source
6932.0 20604.0 128.0 104.0 of
7144.0 20600.0 220.0 96.0 the
7444.0 20568.0 936.0 116.0 mineralization
8464.0 20556.0 124.0 96.0 In

5888.0 20780.0 216.0 88.0 the
6224.0 20760.0 296.0 104.0 Park
6644.0 20752.0 264.0 116.0 City
7032.0 20728.0 512.0 108.0 district,
7672.0 20712.0 240.0 104.0 and
8040.0 20692.0 560.0 132.0 generally

5948.0 20788.0 88.0 164.0 ?
7456.0 20852.0 428.0 100.0 loosely
7984.0 20824.0 596.0 128.0 speaking)

5876.0 21060.0 216.0 96.0 tne
6176.0 21040.0 464.0 104.0 further
6728.0 21044.0 220.0 80.0 one
7044.0 21032.0 268.0 100.0 goes
7392.0 21000.0 136.0 100.0 to
7616.0 20996.0 216.0 96.0 the
7916.0 20980.0 356.0 100.0 north
8364.0 20964.0 228.0 104.0 and

5880.0 21180.0 636.0 108.0 northeast,
6632.0 21168.0 212.0 96.0 the
6948.0 21156.0 504.0 100.0 thinner
7552.0 21132.0 220.0 96.0 the
7872.0 21108.0 716.0 108.0 mlnerala-

5876.0 21336.0 92.0 72.0 ti
6268.0 21316.0 276.0 92.0 Just
6640.0 21304.0 500.0 96.0 because
7236.0 21284.0 212.0 96.0 the
7548.0 21260.0 300.0 104.0 Park
7948.0 21252.0 316.0 100.0 Utah
8360.0 21248.0 228.0 92.0 and

5876.0 21360.0 100.0 64.0 "
7076.0 21360.0 76.0 144.0 ;
7328.0 21408.0 308.0 96.0 Park
7724.0 21396.0 264.0 108.0 City
8072.0 21376.0 456.0 112.0 Consoli

5880.0 21596.0 348.0 108.0 dated
6344.0 21588.0 380.0 100.0 mines
6836.0 21592.0 192.0 76.0 are
7140.0 21560.0 216.0 96.0 the
7472.0 21540.0 284.0 116.0 only
7864.0 21544.0 256.0 84.0 new
8224.0 21516.0 372.0 100.0 mines

5876.0 21728.0 616.0 116.0 developed
6552.0 21720.0 132.0 96.0 In
6740.0 21712.0 216.0 96.0 the
7008.0 21684.0 476.0 112.0 district
7544.0 21680.0 128.0 96.0 in
7728.0 21688.0 324.0 80.0 some
8096.0 21652.0 432.0 112.0 twenty-

5868.0 21880.0 244.0 96.0 five
6168.0 21884.0 324.0 96.0 years
6560.0 21856.0 100.0 96.0 is
6728.0 21864.0 160.0 76.0 no
6948.0 21848.0 424.0 88.0 reason
7436.0 21816.0 268.0 116.0 why
7772.0 21800.0 464.0 100.0 shallow
8316.0 21804.0 220.0 104.0 peo-

5868.0 21892.0 368.0 172.0 ",?J
6484.0 21980.0 400.0 84.0 nnnrlv
6980.0 21952.0 588.0 112.0 informed
7664.0 21936.0 412.0 128.0 people
8168.0 21916.0 416.0 108.0 should

5868.0 22152.0 192.0 112.0 pet
6144.0 22132.0 444.0 108.0 excited
6672.0 22112.0 368.0 104.0 about
7124.0 22104.0 216.0 92.0 the
7420.0 22088.0 280.0 100.0 East
7780.0 22076.0 268.0 96.0 Side
8184.0 22076.0 396.0 84.0 mean-

5868.0 22240.0 60.0 80.0 V
6236.0 22272.0 76.0 48.0 v.
6488.0 22268.0 500.0 52.0 onr
7088.0 22236.0 296.0 84.0 past.
7488.0 22220.0 396.0 100.0 SOUth,
7988.0 22220.0 600.0 80.0 SOUtneast

5876.0 22880.0 128.0 52.0 in
6108.0 22880.0 64.0 44.0 a
7716.0 22904.0 28.0 28.0 ,
8092.0 22904.0 148.0 60.0 Bn
8396.0 22888.0 180.0 76.0 rea

5864.0 22968.0 292.0 96.0 Bald
6224.0 22944.0 628.0 112.0 Mountain
6920.0 22932.0 312.0 96.0 than
7300.0 22924.0 348.0 88.0 there
7716.0 22924.0 300.0 72.0 ism

5864.0 23116.0 216.0 92.0 ten
6160.0 23100.0 352.0 96.0 times
6600.0 23104.0 132.0 76.0 as
6816.0 23076.0 316.0 108.0 large
7220.0 23064.0 260.0 88.0 east
7568.0 23064.0 120.0 76.0 01
7788.0 23064.0 272.0 64.0 caiu

5864.0 23248.0 296.0 100.0 tain,
6248.0 23232.0 232.0 100.0 and
6568.0 23244.0 160.0 76.0 on
6812.0 23232.0 212.0 80.0 tne
7108.0 23232.0 412.0 68.0 wnum,

5864.0 23392.0 348.0 116.0 grade
6272.0 23392.0 120.0 80.0 or
6456.0 23392.0 228.0 68.0 ore.
7660.0 23448.0 88.0 72.0 n
7768.0 23428.0 564.0 92.0 position
8464.0 23408.0 120.0 100.0 to

6008.0 23520.0 60.0 96.0 I
6200.0 23496.0 564.0 116.0 certainly
6896.0 23480.0 300.0 96.0 have
7196.0 23508.0 8.0 28.0 .
7336.0 23480.0 160.0 76.0 no
7824.0 23436.0 308.0 120.0 Vt

5864.0 23552.0 2720.0 208.0 knUthr-eWsiderreUmore

5864.0 23820.0 192.0 72.0 ore
6160.0 23792.0 128.0 92.0 in
6384.0 23780.0 212.0 92.0 the
6696.0 23776.0 572.0 96.0 Fiagsxaxi
8080.0 23776.0 192.0 80.0 "r
8356.0 23828.0 96.0 76.0 tt

6252.0 23916.0 280.0 100.0 west
6588.0 23904.0 136.0 100.0 of
6780.0 23904.0 292.0 92.0 Baid
7140.0 23904.0 1004.0 72.0 bw'""

5864.0 25028.0 212.0 96.0 the
6164.0 25016.0 508.0 96.0 Glencoe
6780.0 24976.0 356.0 120.0 (Park
7224.0 24956.0 512.0 112.0 Galena)
7840.0 24952.0 424.0 92.0 fissure
8352.0 24916.0 228.0 112.0 and

5868.0 25020.0 432.0 236.0 sever?!
6368.0 25140.0 344.0 100.0 other
6784.0 25124.0 404.0 100.0 rather
7264.0 25088.0 680.0 140.0 prominent
8020.0 25076.0 252.0 100.0 east
8340.0 25064.0 236.0 104.0 side

5872.0 25300.0 480.0 96.0 fissures
6440.0 25276.0 156.0 96.0 all
6688.0 25268.0 256.0 120.0 Join
7028.0 25260.0 216.0 92.0 the
7336.0 25240.0 328.0 124.0 great
7744.0 25232.0 536.0 100.0 Wasatch
8372.0 25224.0 156.0 96.0 fis-

5868.0 25452.0 268.0 76.0 sure
6208.0 25416.0 252.0 124.0 Just
6540.0 25412.0 280.0 92.0 west
6896.0 25396.0 128.0 100.0 of
7108.0 25388.0 296.0 100.0 Bald
7480.0 25372.0 664.0 108.0 Mountain.
8224.0 25364.0 360.0 92.0 These

5868.0 25572.0 152.0 92.0 do
6100.0 25568.0 212.0 88.0 not
6392.0 25544.0 476.0 108.0 include
6944.0 25536.0 216.0 96.0 the
7232.0 25520.0 360.0 104.0 Valeo
7668.0 25516.0 456.0 96.0 fissure,
8204.0 25488.0 372.0 104.0 which

5864.0 25724.0 296.0 76.0 runs
6228.0 25696.0 188.0 96.0 for
6480.0 25684.0 344.0 96.0 miles
6916.0 25668.0 352.0 124.0 (with
7340.0 25680.0 72.0 76.0 a
7480.0 25652.0 180.0 104.0 lot
7728.0 25648.0 128.0 100.0 of
7924.0 25640.0 400.0 100.0 rather
8396.0 25648.0 120.0 76.0 ex-

5868.0 25840.0 452.0 96.0 tensive
6372.0 25816.0 572.0 116.0 faulting)
7024.0 25820.0 320.0 100.0 away
7408.0 25812.0 272.0 84.0 over
7736.0 25784.0 256.0 96.0 into
8044.0 25780.0 212.0 92.0 the
8304.0 25768.0 276.0 92.0 west

5872.0 25980.0 224.0 92.0 end
6168.0 25972.0 128.0 96.0 of
6364.0 25968.0 556.0 92.0 Bonanza
6984.0 25944.0 304.0 100.0 Flat.
7364.0 25916.0 712.0 136.0 Apparentyl
8152.0 25912.0 96.0 96.0 It
8320.0 25904.0 260.0 96.0 does

5872.0 26108.0 220.0 100.0 not
6168.0 26120.0 392.0 96.0 merge
6636.0 26088.0 296.0 96.0 with
7020.0 26096.0 228.0 100.0 any
7340.0 26072.0 128.0 100.0 of
7552.0 26068.0 216.0 96.0 the
7848.0 26060.0 340.0 96.0 other
8268.0 26048.0 308.0 120.0 great

5876.0 26536.0 128.0 92.0 in
6088.0 26532.0 216.0 92.0 the
6384.0 26528.0 92.0 92.0 C
6568.0 26524.0 92.0 96.0 C
6748.0 26520.0 92.0 100.0 C
6920.0 26520.0 336.0 96.0 since
7340.0 26512.0 276.0 112.0 May
7704.0 26504.0 168.0 108.0 31,
7968.0 26500.0 300.0 112.0 1933,
8356.0 26492.0 228.0 100.0 and

5872.0 26672.0 428.0 112.0 during
6356.0 26664.0 280.0 92.0 that
6692.0 26664.0 296.0 92.0 time
7048.0 26656.0 240.0 92.0 had
7356.0 26652.0 300.0 92.0 been
7720.0 26640.0 568.0 120.0 top-kick.
8348.0 26636.0 244.0 92.0 The

5876.0 26820.0 336.0 100.0 camp
6312.0 26796.0 352.0 96.0 sends
6760.0 26792.0 200.0 96.0 it's
7064.0 26788.0 264.0 96.0 best
7432.0 26784.0 424.0 92.0 wishes
7956.0 26780.0 288.0 92.0 with
8340.0 26772.0 248.0 96.0 him

5876.0 26936.0 236.0 96.0 and
6212.0 26932.0 460.0 116.0 though
6772.0 26948.0 172.0 76.0 we
7048.0 26920.0 240.0 96.0 will
7396.0 26920.0 292.0 92.0 miss
7780.0 26916.0 260.0 96.0 him
8136.0 26932.0 168.0 72.0 we
8404.0 26928.0 180.0 76.0 are

5876.0 27068.0 268.0 124.0 glad
6208.0 27072.0 132.0 96.0 to
6396.0 27088.0 196.0 76.0 see
6648.0 27064.0 264.0 96.0 him
6976.0 27056.0 348.0 96.0 make
7388.0 27052.0 332.0 116.0 good.

6952.0 27192.0 600.0 100.0 ROBERT
7632.0 27188.0 124.0 96.0 F.
7836.0 27184.0 620.0 112.0 WESTON,

7044.0 27332.0 376.0 116.0 Camp
7488.0 27324.0 956.0 124.0 Correspondent.

6736.0 3488.0 1664.0 544.0 wumns
8640.0 3408.0 2048.0 624.0 Hers

10048.0 3148.0 1464.0 68.0 'i'timr!'iiifimi'i'i!'iiiim!i'''vim(i(tnint'iiii'ttiiiiit

8760.0 4392.0 268.0 60.0 I-"-
9900.0 4408.0 4.0 36.0 !
10112.0 4436.0 12.0 8.0 -
10936.0 4388.0 12.0 108.0 I
11084.0 4388.0 408.0 120.0 ""'"I";.;!

8772.0 4552.0 360.0 120.0 major
9216.0 4564.0 508.0 120.0 fissures,
9816.0 4580.0 404.0 104.0 unless
10308.0 4592.0 96.0 96.0 It
10484.0 4596.0 304.0 116.0 Joins
10868.0 4600.0 208.0 104.0 the
11164.0 4616.0 328.0 112.0 great

9424.0 4744.0 432.0 64.0 ussure
9992.0 4744.0 280.0 76.0 over
10400.0 4752.0 124.0 72.0 in

10644.0 4736.0 208.0 88.0 the
10976.0 4748.0 524.0 76.0 pytrpmp

8764.0 4872.0 632.0 64.0 ouutuwfst
9460.0 4872.0 236.0 72.0 ena
9768.0 4872.0 128.0 72.0 or
9964.0 4872.0 548.0 88.0 .Bonanza
10580.0 4872.0 284.0 100.0 Flat.

8912.0 4964.0 596.0 100.0 Naturallv
9636.0 4984.0 52.0 80.0 I
9816.0 4988.0 144.0 76.0 hn

8768.0 5100.0 416.0 108.0 Correll
9256.0 5124.0 448.0 104.0 ground
9776.0 5120.0 492.0 128.0 belongs
10332.0 5140.0 124.0 92.0 to
10520.0 5144.0 200.0 92.0 the
10788.0 5148.0 276.0 96.0 East
11132.0 5156.0 324.0 96.0 Utah

8768.0 5240.0 652.0 116.0 Otherwise,
9504.0 5256.0 280.0 100.0 East
9868.0 5268.0 420.0 100.0 Utah's
10372.0 5272.0 484.0 104.0 chances
10936.0 5288.0 124.0 92.0 of
11148.0 5296.0 348.0 88.0 mp.k-

8764.0 5400.0 200.0 92.0 ing
9052.0 5400.0 60.0 76.0 a
9204.0 5400.0 424.0 108.0 paying
9720.0 5400.0 328.0 100.0 mine
10136.0 5428.0 196.0 76.0 are
10416.0 5412.0 300.0 100.0 slim.
10796.0 5420.0 276.0 96.0 East
11168.0 5428.0 328.0 100.0 Utah

8768.0 5516.0 232.0 96.0 and
9112.0 5520.0 264.0 104.0 East
9496.0 5532.0 280.0 100.0 Side
9892.0 5540.0 376.0 96.0 Silver
10384.0 5556.0 224.0 88.0 and
10724.0 5556.0 204.0 96.0 the
11048.0 5560.0 448.0 104.0 Correll

8764.0 5672.0 356.0 100.0 group
9228.0 5664.0 96.0 92.0 if
9424.0 5672.0 812.0 104.0 consolidated
10348.0 5688.0 372.0 96.0 would
10828.0 5692.0 300.0 100.0 have
11236.0 5700.0 260.0 100.0 fine

8760.0 5792.0 516.0 112.0 chances,
9380.0 5808.0 292.0 96.0 with
9776.0 5808.0 416.0 124.0 plenty
10288.0 5816.0 124.0 96.0 of
10508.0 5828.0 456.0 112.0 capital,
11068.0 5832.0 108.0 100.0 If
11272.0 5840.0 212.0 100.0 the

8756.0 5936.0 340.0 92.0 water
9164.0 5936.0 124.0 96.0 at
9360.0 5944.0 372.0 116.0 depth
9808.0 5948.0 356.0 104.0 could
10232.0 5952.0 148.0 100.0 be
10444.0 5956.0 536.0 104.0 handled.

10332.0 6092.0 388.0 104.0 CHAS.
10784.0 6104.0 564.0 104.0 MOORE.

8880.0 6204.0 268.0 120.0 July
9216.0 6208.0 164.0 108.0 29,
9456.0 6212.0 304.0 112.0 3935,

8876.0 6336.0 292.0 108.0 Park
9236.0 6352.0 296.0 120.0 City,
9600.0 6356.0 360.0 100.0 Utah.

8756.0 6572.0 368.0 112.0 PARK
9220.0 6588.0 340.0 100.0 CITY
9648.0 6596.0 1092.0 112.0 CONSOLIDATED

8760.0 6716.0 80.0 96.0 U
8860.0 6720.0 76.0 92.0 X
8956.0 6724.0 200.0 92.0 WA
9176.0 6728.0 156.0 96.0 TE
9352.0 6736.0 84.0 88.0 R
9456.0 6732.0 260.0 100.0 ING
9800.0 6736.0 512.0 104.0 LOWER
10392.0 6748.0 500.0 104.0 LEVELS

8892.0 6856.0 284.0 100.0 Park
9304.0 6868.0 264.0 116.0 City
9696.0 6872.0 832.0 108.0 Consolidated
10648.0 6888.0 380.0 100.0 Mines
11156.0 6916.0 268.0 76.0 com-

8744.0 7004.0 296.0 108.0 pany
9116.0 7000.0 216.0 96.0 has
9412.0 7004.0 432.0 100.0 almost
9920.0 7016.0 656.0 116.0 completed
10648.0 7036.0 828.0 104.0 preparations

8744.0 7128.0 172.0 96.0 for
8960.0 7136.0 732.0 120.0 unwaterlng
9748.0 7140.0 160.0 96.0 its
9960.0 7144.0 340.0 96.0 lower
10348.0 7152.0 340.0 96.0 levels
10736.0 7160.0 236.0 96.0 and
11024.0 7180.0 384.0 104.0 pump-

8744.0 7264.0 196.0 120.0 ing
9028.0 7276.0 672.0 112.0 operations
9800.0 7280.0 568.0 124.0 probably
10456.0 7292.0 224.0 92.0 will
10780.0 7296.0 356.0 116.0 begin
11228.0 7300.0 248.0 100.0 late

8736.0 7404.0 240.0 100.0 this
9072.0 7408.0 336.0 112.0 week,
9508.0 7412.0 148.0 100.0 G.
9752.0 7412.0 160.0 100.0 M.
10016.0 7420.0 376.0 112.0 Wiles,
10480.0 7432.0 996.0 116.0 superintendent

8736.0 7568.0 688.0 80.0 announced
9500.0 7568.0 564.0 104.0 Monday.

8872.0 7680.0 360.0 100.0 Three
9324.0 7704.0 440.0 100.0 pumps
9908.0 7696.0 236.0 96.0 two
10244.0 7696.0 128.0 96.0 in
10464.0 7716.0 64.0 76.0 a
10616.0 7700.0 352.0 96.0 series
11064.0 7704.0 252.0 100.0 and
11412.0 7724.0 76.0 80.0 a

8736.0 7832.0 332.0 100.0 spare
9200.0 7820.0 296.0 104.0 have
9588.0 7824.0 312.0 100.0 been
9996.0 7828.0 552.0 104.0 Installed
10636.0 7856.0 164.0 80.0 on
10888.0 7836.0 216.0 100.0 the
11204.0 7844.0 212.0 96.0 450-

8728.0 7952.0 248.0 100.0 foot
9048.0 7956.0 288.0 104.0 level
9412.0 7960.0 244.0 100.0 and
9728.0 7960.0 224.0 100.0 the
10020.0 7984.0 576.0 96.0 company
10664.0 7972.0 104.0 96.0 is
10840.0 7972.0 636.0 108.0 Installine

8728.0 8112.0 64.0 76.0 a
8896.0 8092.0 436.0 100.0 similar
9432.0 8096.0 832.0 108.0 combination
10364.0 8124.0 156.0 80.0 on
10616.0 8108.0 212.0 100.0 the
10928.0 8116.0 544.0 100.0 800-foot

8728.0 8232.0 316.0 92.0 level.
9112.0 8232.0 268.0 100.0 Two
9448.0 8236.0 488.0 96.0 smaller
10004.0 8256.0 436.0 96.0 pumps
10508.0 8244.0 228.0 100.0 will
10808.0 8244.0 148.0 104.0 be
11032.0 8252.0 376.0 100.0 Instal

8728.0 8368.0 184.0 96.0 led
9012.0 8388.0 124.0 76.0 as
9236.0 8376.0 380.0 112.0 single
9716.0 8376.0 348.0 96.0 units
10164.0 8380.0 364.0 100.0 below
10620.0 8388.0 208.0 100.0 the
10928.0 8388.0 540.0 100.0 900-foot

8740.0 8504.0 312.0 100.0 level.
9160.0 8508.0 320.0 104.0 With
9596.0 8512.0 256.0 96.0 this
9964.0 8512.0 500.0 112.0 battery,
10572.0 8520.0 212.0 100.0 the
10884.0 8544.0 596.0 80.0 comnanv

8724.0 8640.0 232.0 100.0 will
9036.0 8640.0 144.0 104.0 be
9260.0 8648.0 268.0 100.0 able
9608.0 8652.0 140.0 96.0 to
9832.0 8668.0 384.0 104.0 pump
10300.0 8656.0 348.0 100.0 water
10728.0 8664.0 216.0 96.0 out
11024.0 8668.0 136.0 92.0 of
11248.0 8668.0 216.0 100.0 the

8728.0 8792.0 332.0 84.0 lower
9144.0 8792.0 348.0 96.0 levels
9580.0 8792.0 128.0 92.0 at
9796.0 8792.0 220.0 104.0 the
10096.0 8796.0 256.0 96.0 rate
10428.0 8796.0 132.0 100.0 of
10644.0 8796.0 268.0 100.0 1000
10996.0 8800.0 472.0 104.0 gallons

8724.0 8936.0 64.0 80.0 a
8860.0 8920.0 484.0 100.0 minute.

8856.0 9052.0 244.0 100.0 The
9192.0 9076.0 576.0 92.0 company
9868.0 9060.0 348.0 108.0 plans
10312.0 9064.0 128.0 104.0 to
10528.0 9068.0 348.0 100.0 beeln
10968.0 9072.0 496.0 96.0 slnkine

8724.0 9184.0 300.0 108.0 from
9104.0 9192.0 208.0 104.0 the
9392.0 9200.0 204.0 96.0 900
9684.0 9200.0 300.0 100.0 level
10072.0 9204.0 128.0 96.0 ln
10284.0 9204.0 360.0 100.0 about
10724.0 9212.0 232.0 92.0 two
11040.0 9212.0 424.0 100.0 weeks.

8720.0 9328.0 208.0 100.0 Mr.
9000.0 9328.0 344.0 100.0 Wiles
9416.0 9336.0 292.0 100.0 said.
9792.0 9336.0 256.0 100.0 The
10120.0 9360.0 424.0 104.0 pumps
10624.0 9364.0 196.0 76.0 are
10892.0 9344.0 572.0 104.0 Installed

8728.0 9480.0 124.0 84.0 in
8928.0 9480.0 208.0 92.0 the
9208.0 9480.0 348.0 88.0 silver
9632.0 9480.0 476.0 104.0 fissure,
10188.0 9480.0 224.0 96.0 but
10492.0 9480.0 472.0 116.0 sinking
11044.0 9504.0 356.0 100.0 opera-

8736.0 9604.0 312.0 100.0 tions
9168.0 9608.0 232.0 100.0 will
9524.0 9612.0 152.0 100.0 be
9800.0 9616.0 668.0 96.0 conducted
10596.0 9620.0 124.0 96.0 ln
10844.0 9620.0 212.0 96.0 the
11188.0 9624.0 288.0 96.0 East

8736.0 9740.0 560.0 104.0 Crescent.
9408.0 9748.0 616.0 120.0 Company
10132.0 9752.0 476.0 100.0 officials
10704.0 9756.0 444.0 100.0 believe
11252.0 9760.0 220.0 100.0 the

8728.0 9880.0 412.0 120.0 largest
9256.0 9884.0 236.0 100.0 and
9612.0 9888.0 452.0 96.0 richest
10180.0 9912.0 196.0 76.0 ore
10488.0 9892.0 392.0 96.0 bodies
11000.0 9896.0 132.0 96.0 in
11252.0 9896.0 216.0 100.0 the

8724.0 10020.0 316.0 92.0 mine
9128.0 10024.0 232.0 96.0 will
9456.0 10020.0 152.0 100.0 be
9708.0 10024.0 384.0 100.0 found
10192.0 10024.0 512.0 104.0 between
10796.0 10028.0 212.0 104.0 the
11120.0 10032.0 340.0 100.0 1000-

8716.0 10156.0 252.0 96.0 foot
9036.0 10160.0 228.0 96.0 and
9344.0 10160.0 604.0 96.0 2000-foot
10016.0 10164.0 384.0 96.0 levels.

8864.0 10292.0 296.0 100.0 Park
9284.0 10296.0 268.0 120.0 City
9676.0 10296.0 832.0 104.0 Consolidated
10624.0 10300.0 384.0 100.0 Mines
11136.0 10324.0 268.0 80.0 com-

8736.0 10444.0 296.0 100.0 pany
9148.0 10436.0 516.0 112.0 recently
9784.0 10436.0 416.0 112.0 signed
10324.0 10456.0 68.0 76.0 a
10504.0 10440.0 536.0 96.0 contract
11164.0 10444.0 300.0 96.0 with

8724.0 10564.0 284.0 100.0 Park
9092.0 10572.0 312.0 96.0 Utah
9488.0 10572.0 840.0 100.0 Consolidated
10412.0 10576.0 368.0 92.0 Mines
10864.0 10600.0 588.0 96.0 company

8724.0 10712.0 176.0 84.0 lor
8956.0 10724.0 204.0 76.0 use
9220.0 10712.0 124.0 92.0 of
9404.0 10712.0 212.0 92.0 the
9680.0 10712.0 360.0 92.0 latter
10076.0 10732.0 60.0 76.0 s
10196.0 10712.0 480.0 96.0 Ontario
10736.0 10716.0 340.0 96.0 drain
11148.0 10720.0 236.0 96.0 tun-

8720.0 10836.0 192.0 104.0 nel
8996.0 10840.0 232.0 96.0 and
9320.0 10844.0 96.0 92.0 is
9508.0 10848.0 636.0 116.0 preparing
10228.0 10844.0 124.0 96.0 to
10440.0 10852.0 312.0 92.0 drive
10840.0 10872.0 72.0 76.0 a
11000.0 10852.0 444.0 96.0 tunnel

8732.0 10984.0 568.0 92.0 westward
9404.0 10984.0 128.0 92.0 to
9644.0 10988.0 508.0 96.0 connect
10248.0 10984.0 280.0 100.0 with
10628.0 10988.0 292.0 96.0 Park
11024.0 10988.0 432.0 100.0 Utah's

8736.0 11112.0 344.0 100.0 north
9180.0 11116.0 528.0 96.0 crosscut
9808.0 11120.0 320.0 92.0 from
10228.0 11120.0 208.0 96.0 the
10532.0 11120.0 332.0 96.0 drain
10972.0 11120.0 480.0 96.0 tunnel.

8720.0 11252.0 356.0 92.0 When
9148.0 11252.0 248.0 96.0 this
9468.0 11256.0 104.0 92.0 Is
9648.0 11256.0 692.0 116.0 completed,
10416.0 11256.0 288.0 92.0 Park
10780.0 11256.0 264.0 120.0 City
11128.0 11260.0 256.0 92.0 Con-

8712.0 11388.0 556.0 96.0 solidated
9348.0 11388.0 236.0 96.0 will
9660.0 11388.0 304.0 100.0 have
10036.0 11392.0 128.0 100.0 to
10240.0 11408.0 356.0 104.0 pump
10672.0 11396.0 272.0 116.0 only
11020.0 11396.0 132.0 96.0 to
11228.0 11396.0 216.0 96.0 the

8716.0 11524.0 200.0 96.0 900
8992.0 11524.0 320.0 100.0 level.

8848.0 11660.0 288.0 96.0 Next
9224.0 11660.0 428.0 100.0 month
9744.0 11664.0 216.0 96.0 the
10052.0 11680.0 564.0 104.0 company
10700.0 11664.0 236.0 96.0 will
11028.0 11664.0 420.0 100.0 Install

8712.0 11820.0 64.0 76.0 a
8836.0 11816.0 248.0 76.0 new
9144.0 11800.0 1004.0 116.0 225-horsepower
10204.0 11804.0 344.0 100.0 hoist,
10608.0 11804.0 284.0 92.0 with
10960.0 11824.0 68.0 72.0 a
11092.0 11820.0 296.0 96.0 capa

8724.0 11936.0 232.0 116.0 city
9072.0 11932.0 332.0 100.0 three
9524.0 11936.0 364.0 96.0 times
10012.0 11936.0 276.0 100.0 that
10408.0 11940.0 124.0 96.0 of
10644.0 11936.0 212.0 100.0 the
10976.0 11936.0 484.0 124.0 present

8704.0 12080.0 344.0 104.0 hoist,
9128.0 12080.0 212.0 88.0 Mr.
9424.0 12080.0 356.0 88.0 Wiles
9860.0 12080.0 296.0 92.0 said.

8720.0 12312.0 268.0 96.0 THE
9060.0 12312.0 700.0 100.0 WASATCH
9840.0 12316.0 568.0 96.0 TUNNEL

8848.0 12484.0 332.0 96.0 Work
9292.0 12484.0 100.0 100.0 Is
9500.0 12484.0 748.0 120.0 progressing
10352.0 12488.0 124.0 96.0 at
10576.0 12484.0 208.0 100.0 the
10888.0 12484.0 564.0 100.0 Wasatch

8704.0 12616.0 416.0 100.0 tunnel
9188.0 12644.0 124.0 72.0 as
9376.0 12620.0 252.0 100.0 fast
9700.0 12644.0 132.0 72.0 as
9900.0 12624.0 540.0 116.0 possible.
10504.0 12624.0 360.0 96.0 There
10936.0 12644.0 204.0 76.0 are
11204.0 12624.0 240.0 96.0 bad

8708.0 12764.0 508.0 88.0 cave-Ins
9364.0 12760.0 240.0 96.0 and
9688.0 12760.0 216.0 96.0 the
9988.0 12764.0 180.0 92.0 air
10252.0 12760.0 124.0 96.0 in
10452.0 12760.0 380.0 120.0 places
10912.0 12760.0 108.0 96.0 Is
11100.0 12764.0 340.0 112.0 quite

8708.0 12896.0 224.0 96.0 bad
9072.0 12896.0 216.0 96.0 but
9372.0 12896.0 240.0 96.0 fair
9692.0 12912.0 536.0 100.0 progress
10312.0 12896.0 104.0 96.0 Is
10496.0 12900.0 336.0 112.0 being
10920.0 12900.0 384.0 92.0 made.

8840.0 13036.0 136.0 92.0 In
9056.0 13036.0 208.0 96.0 the
9336.0 13032.0 484.0 120.0 upraise
9900.0 13036.0 136.0 96.0 ln
10112.0 13036.0 208.0 96.0 the
10396.0 13036.0 284.0 96.0 Park
10764.0 13036.0 268.0 116.0 City
11116.0 13036.0 320.0 96.0 Utah

8708.0 13168.0 128.0 100.0 to
8952.0 13172.0 492.0 96.0 connect
9568.0 13172.0 296.0 96.0 with
9988.0 13172.0 212.0 96.0 the
10316.0 13172.0 532.0 96.0 Wasatch
10972.0 13172.0 476.0 104.0 tunnel,

8704.0 13304.0 304.0 100.0 work
9092.0 13308.0 104.0 96.0 Is
9284.0 13308.0 748.0 120.0 progressing
10120.0 13304.0 476.0 120.0 rapidly,
10688.0 13308.0 240.0 96.0 and
11020.0 13312.0 356.0 92.0 condi-

8704.0 13444.0 320.0 96.0 tions
9184.0 13444.0 580.0 116.0 generally
9924.0 13448.0 128.0 92.0 at
10208.0 13448.0 268.0 96.0 that
10624.0 13448.0 556.0 112.0 property
11340.0 13444.0 100.0 92.0 Is

8708.0 13576.0 520.0 124.0 "slmpily
9364.0 13580.0 772.0 112.0 wonderful,"
10280.0 13604.0 120.0 72.0 as
10536.0 13584.0 604.0 116.0 expressed
11288.0 13576.0 156.0 120.0 by

8696.0 13720.0 332.0 96.0 those
9108.0 13724.0 256.0 92.0 who
9444.0 13720.0 384.0 96.0 know.
9912.0 13720.0 364.0 96.0 Great
10352.0 13716.0 336.0 96.0 times
10772.0 13724.0 196.0 92.0 are
11048.0 13716.0 388.0 96.0 ahead

8700.0 13860.0 184.0 92.0 for
8940.0 13856.0 268.0 100.0 that
9272.0 13860.0 452.0 92.0 section
9796.0 13856.0 124.0 96.0 of
9984.0 13852.0 524.0 120.0 country,
10572.0 13856.0 232.0 92.0 and
10872.0 13852.0 568.0 116.0 startling

8704.0 13996.0 456.0 116.0 mining
9228.0 14016.0 320.0 76.0 news
9628.0 13992.0 236.0 96.0 will
9944.0 13992.0 152.0 100.0 be
10168.0 13996.0 784.0 116.0 forthcoming
11032.0 13992.0 400.0 96.0 before

8708.0 14152.0 352.0 100.0 many
9124.0 14148.0 452.0 80.0 moons.

8704.0 14368.0 564.0 100.0 VISITED
9356.0 14372.0 288.0 92.0 THE
9728.0 14368.0 360.0 96.0 EAST
10180.0 14364.0 312.0 96.0 SIDE

8836.0 14508.0 316.0 92.0 John
9212.0 14508.0 416.0 92.0 Mason
9688.0 14500.0 608.0 108.0 Boutwell,
10356.0 14504.0 204.0 92.0 the
10616.0 14500.0 368.0 96.0 noted
11048.0 14500.0 336.0 116.0 geolo-

8708.0 14640.0 252.0 120.0 gist,
9044.0 14644.0 260.0 96.0 who
9384.0 14644.0 224.0 92.0 has
9692.0 14640.0 484.0 96.0 studied
10256.0 14640.0 288.0 92.0 Park
10620.0 14640.0 268.0 112.0 City
10972.0 14636.0 476.0 116.0 mining

8708.0 14780.0 452.0 100.0 district
9240.0 14780.0 316.0 96.0 from
9632.0 14776.0 96.0 96.0 A
9808.0 14776.0 132.0 96.0 to
10028.0 14776.0 116.0 112.0 Z,
10232.0 14776.0 816.0 116.0 accompanied
11132.0 14772.0 160.0 116.0 by
11376.0 14760.0 128.0 148.0 aj

8704.0 14928.0 352.0 88.0 noted
9128.0 14928.0 464.0 104.0 mining
9660.0 14928.0 588.0 100.0 engineer,
10316.0 14928.0 284.0 80.0 were
10660.0 14936.0 272.0 76.0 over
10996.0 14936.0 164.0 76.0 on
11232.0 14928.0 216.0 88.0 the

8720.0 15052.0 328.0 96.0 "East
9172.0 15052.0 340.0 96.0 Side"
9636.0 15052.0 724.0 112.0 Wednesday
10476.0 15048.0 124.0 96.0 of
10716.0 15052.0 256.0 96.0 this
11096.0 15056.0 348.0 104.0 week,

8704.0 15188.0 528.0 120.0 reported
9328.0 15208.0 164.0 76.0 on
9592.0 15208.0 160.0 72.0 an
9856.0 15188.0 648.0 116.0 inspection
10600.0 15184.0 280.0 96.0 tour
10980.0 15188.0 132.0 92.0 of
11212.0 15208.0 232.0 72.0 one

8700.0 15328.0 120.0 96.0 of
8904.0 15328.0 208.0 92.0 the
9192.0 15324.0 660.0 120.0 promising
9940.0 15328.0 584.0 112.0 prospects
10604.0 15324.0 124.0 92.0 of
10808.0 15320.0 288.0 100.0 that
11180.0 15340.0 188.0 76.0 sec-

8700.0 15464.0 256.0 96.0 tion
9096.0 15464.0 224.0 96.0 but
9400.0 15488.0 160.0 68.0 no
9644.0 15464.0 508.0 96.0 definite
10236.0 15456.0 760.0 100.0 information
11076.0 15456.0 360.0 100.0 could

8696.0 15604.0 148.0 92.0 be
8916.0 15600.0 584.0 96.0 obtained.

8832.0 15740.0 360.0 92.0 There
9284.0 15736.0 100.0 96.0 is
9472.0 15736.0 368.0 92.0 much
9936.0 15732.0 332.0 120.0 quiet
10352.0 15732.0 300.0 96.0 work
10740.0 15728.0 244.0 96.0 and
11076.0 15724.0 292.0 120.0 plan-

8700.0 15876.0 280.0 112.0 ning
9056.0 15876.0 344.0 116.0 going
9480.0 15892.0 156.0 76.0 on
9720.0 15872.0 240.0 96.0 and
10036.0 15888.0 452.0 76.0 rumors
10556.0 15868.0 384.0 116.0 galore
11020.0 15868.0 136.0 96.0 of
11232.0 15864.0 200.0 116.0 big

8704.0 16016.0 624.0 116.0 purchases
9456.0 16012.0 240.0 96.0 and
9824.0 16008.0 200.0 116.0 big
10152.0 16008.0 912.0 92.0 consolidations
11196.0 16008.0 240.0 88.0 and

8696.0 16152.0 380.0 116.0 bigger
9160.0 16168.0 196.0 76.0 ore
9440.0 16152.0 784.0 108.0 uncoverlngs
10304.0 16148.0 292.0 88.0 than
10676.0 16164.0 268.0 72.0 ever
11028.0 16140.0 400.0 96.0 before

8696.0 16292.0 124.0 96.0 in
8908.0 16292.0 208.0 92.0 the
9204.0 16284.0 460.0 116.0 history
9764.0 16284.0 128.0 96.0 of
9988.0 16288.0 208.0 92.0 the
10292.0 16280.0 444.0 100.0 district
10884.0 16280.0 236.0 96.0 but
11216.0 16276.0 216.0 96.0 the

8696.0 16428.0 256.0 108.0 "big
9024.0 16424.0 344.0 100.0 ones"
9444.0 16424.0 240.0 96.0 will
9764.0 16424.0 220.0 96.0 not
10060.0 16420.0 248.0 96.0 talk
10384.0 16420.0 180.0 92.0 for
10636.0 16412.0 788.0 124.0 publication,

8688.0 16588.0 124.0 72.0 so
8908.0 16588.0 160.0 72.0 we
9168.0 16568.0 152.0 92.0 all
9416.0 16560.0 336.0 96.0 must
9848.0 16564.0 280.0 88.0 wait
10224.0 16560.0 280.0 96.0 with
10596.0 16556.0 552.0 120.0 patience
11240.0 16552.0 184.0 96.0 for

8684.0 16704.0 204.0 96.0 the
8960.0 16700.0 320.0 120.0 great
9344.0 16720.0 324.0 76.0 news
9732.0 16692.0 132.0 100.0 to
9932.0 16696.0 372.0 96.0 break,

8692.0 16944.0 176.0 96.0 AT
8944.0 16944.0 272.0 96.0 THE
9300.0 16936.0 764.0 100.0 AMERICAN
10140.0 16932.0 364.0 100.0 FLAG

8824.0 17080.0 236.0 96.0 The
9148.0 17080.0 452.0 92.0 Record
9692.0 17096.0 236.0 72.0 was
10024.0 17068.0 568.0 100.0 informed
10684.0 17072.0 364.0 112.0 today
11148.0 17064.0 280.0 100.0 that

8684.0 17240.0 184.0 76.0 ore
8936.0 17216.0 672.0 96.0 conditions
9680.0 17208.0 128.0 100.0 at
9880.0 17212.0 216.0 96.0 the
10160.0 17212.0 592.0 92.0 American
10824.0 17208.0 288.0 116.0 Flag
11184.0 17204.0 228.0 96.0 lm-

10068.0 17348.0 256.0 96.0 UQ1

10444.0 17348.0 364.0 92.0 winze
10932.0 17344.0 108.0 92.0 Is
11164.0 17360.0 264.0 76.0 now

9092.0 17492.0 268.0 96.0 1235
9444.0 17488.0 248.0 100.0 feet
9816.0 17484.0 460.0 116.0 drlving
10792.0 17480.0 248.0 96.0 and

9168.0 17648.0 128.0 76.0 m
10740.0 17636.0 172.0 100.0 up
11016.0 17616.0 404.0 116.0 blgger

9652.0 17488.0 16.0 20.0 .
9816.0 17484.0 380.0 92.0 drlvin

8696.0 17672.0 372.0 52.0 l,"ucs
9168.0 17672.0 128.0 52.0 lu
9400.0 17672.0 308.0 72.0 b"""
9808.0 17672.0 204.0 48.0 vc

8680.0 17772.0 224.0 92.0 and
8988.0 17764.0 380.0 100.0 better
9448.0 17780.0 344.0 100.0 every
9872.0 17760.0 224.0 120.0 day

8812.0 17908.0 240.0 96.0 The
9152.0 17904.0 268.0 96.0 1102
9516.0 17908.0 376.0 88.0 winze
9992.0 17900.0 100.0 92.0 is
10184.0 17896.0 472.0 112.0 making
10744.0 17892.0 304.0 120.0 good
11148.0 17908.0 212.0 100.0 pro

8680.0 18064.0 332.0 96.0 gress.
9080.0 18044.0 284.0 92.0 This
9432.0 18044.0 376.0 92.0 winze
9876.0 18040.0 104.0 92.0 Is
10044.0 18040.0 452.0 112.0 driving
10560.0 18040.0 184.0 92.0 for
10812.0 18032.0 220.0 96.0 the
11096.0 18032.0 272.0 92.0 Was-

8680.0 18184.0 272.0 96.0 atch
9020.0 18180.0 432.0 96.0 fissure
9520.0 18180.0 240.0 92.0 and
9828.0 18176.0 556.0 116.0 expected
10448.0 18172.0 196.0 116.0 big
10712.0 18192.0 196.0 76.0 ore
10980.0 18172.0 448.0 92.0 bodies.

8816.0 18320.0 140.0 92.0 In
9024.0 18316.0 652.0 120.0 promising
9744.0 18316.0 256.0 92.0 The
10068.0 18312.0 432.0 96.0 Record
10568.0 18312.0 140.0 92.0 "a
10776.0 18308.0 404.0 120.0 story"
11248.0 18308.0 184.0 96.0 for

8684.0 18456.0 272.0 96.0 next
9068.0 18456.0 348.0 108.0 week,
9524.0 18456.0 572.0 112.0 Manager
10204.0 18452.0 328.0 116.0 Andy
10636.0 18448.0 480.0 116.0 Hurley,
11228.0 18448.0 152.0 92.0 de-

8680.0 18592.0 376.0 100.0 clared
9132.0 18592.0 320.0 96.0 "Our
9524.0 18592.0 544.0 96.0 troubles
10144.0 18608.0 184.0 76.0 are
10400.0 18608.0 260.0 72.0 now
10728.0 18584.0 380.0 108.0 over,"
11192.0 18584.0 240.0 96.0 and

8688.0 18732.0 460.0 120.0 present
9232.0 18752.0 200.0 76.0 ore
9516.0 18724.0 724.0 100.0 Indications
10316.0 18720.0 396.0 124.0 points
10784.0 18724.0 288.0 96.0 that
11156.0 18740.0 284.0 100.0 way.

8684.0 18872.0 348.0 116.0 Every
9108.0 18868.0 296.0 116.0 good
9476.0 18868.0 304.0 92.0 wish
9848.0 18864.0 192.0 96.0 for
10104.0 18884.0 260.0 100.0 you,
10432.0 18860.0 364.0 116.0 Andy.

8692.0 19108.0 548.0 96.0 METALS
9312.0 19112.0 296.0 92.0 AND
9688.0 19104.0 556.0 100.0 STOCKS

9784.0 19240.0 548.0 100.0 FRIDAY

8832.0 19384.0 360.0 100.0 Silver
9308.0 19384.0 320.0 112.0 67;
9756.0 19384.0 300.0 112.0 lead,
10168.0 19380.0 272.0 112.0 4.20;
10568.0 19396.0 456.0 104.0 copper,
11144.0 19372.0 280.0 116.0 7.75;

8688.0 19528.0 284.0 108.0 zinc,
9044.0 19524.0 280.0 100.0 4.30.

8820.0 19664.0 336.0 96.0 Local
9232.0 19660.0 312.0 100.0 sales
9620.0 19656.0 192.0 100.0 for
9888.0 19656.0 460.0 120.0 Friday:

8820.0 19800.0 296.0 100.0 Park
9172.0 19800.0 268.0 120.0 City
9500.0 19800.0 328.0 104.0 Con.,
9892.0 19796.0 272.0 96.0 3500
10412.0 19788.0 132.0 104.0 32
10604.0 19788.0 236.0 100.0 and
10896.0 19788.0 396.0 128.0 334c.

9672.0 19932.0 764.0 100.0 SATURDAY

8820.0 20072.0 168.0 96.0 No
9056.0 20076.0 464.0 116.0 change
9596.0 20072.0 144.0 96.0 in
9812.0 20072.0 328.0 120.0 price
10204.0 20072.0 128.0 96.0 of
10400.0 20064.0 452.0 100.0 metals.

8828.0 20212.0 288.0 100.0 Park
9232.0 20216.0 276.0 116.0 City
9620.0 20212.0 292.0 96.0 Con.
10028.0 20232.0 68.0 72.0 a
10204.0 20208.0 308.0 96.0 little
10616.0 20208.0 548.0 108.0 stronger
11272.0 20216.0 164.0 80.0 on

8692.0 20352.0 200.0 100.0 the
8972.0 20352.0 260.0 96.0 Salt
9308.0 20348.0 312.0 100.0 Lake
9704.0 20348.0 660.0 116.0 Exchange:
10448.0 20340.0 204.0 100.0 800
10964.0 20336.0 144.0 104.0 34
11188.0 20340.0 248.0 100.0 and

8688.0 20488.0 360.0 116.0 342c.

8824.0 20628.0 268.0 96.0 East
9148.0 20624.0 360.0 116.0 Utah,
9568.0 20620.0 280.0 100.0 4700
9932.0 20636.0 96.0 88.0 o
10112.0 20616.0 184.0 124.0 2V3
10368.0 20616.0 232.0 100.0 and
10660.0 20616.0 168.0 100.0 3c.

9740.0 20756.0 628.0 100.0 MONDAY

8828.0 20896.0 360.0 100.0 Silver
9288.0 20916.0 364.0 92.0 same;
9772.0 20896.0 304.0 108.0 lead,
10176.0 20892.0 272.0 112.0 4.30;
10560.0 20908.0 464.0 104.0 copper,
11136.0 20884.0 284.0 116.0 8.00;

8692.0 21036.0 284.0 112.0 zinc,
9044.0 21032.0 280.0 100.0 4.40.

8836.0 21176.0 340.0 96.0 Same
9296.0 21168.0 200.0 100.0 old
9620.0 21164.0 328.0 124.0 story
10068.0 21168.0 288.0 96.0 with
10468.0 21160.0 300.0 104.0 local
10896.0 21156.0 408.0 108.0 stocks

8692.0 21316.0 496.0 112.0 nothing
9248.0 21312.0 404.0 112.0 doing.

8816.0 21452.0 244.0 96.0 The
9164.0 21444.0 284.0 124.0 only
9560.0 21440.0 740.0 100.0 transaction
10400.0 21456.0 232.0 76.0 was
10736.0 21432.0 316.0 100.0 Park
11160.0 21436.0 268.0 116.0 City

8692.0 21588.0 304.0 108.0 Con.,
9076.0 21584.0 276.0 96.0 2300
9660.0 21580.0 264.0 120.0 3412
10024.0 21584.0 232.0 92.0 and
10328.0 21576.0 232.0 100.0 35c.
10640.0 21572.0 116.0 100.0 It
10836.0 21576.0 112.0 96.0 is
11028.0 21596.0 80.0 72.0 a
11180.0 21592.0 188.0 76.0 cer-

8700.0 21724.0 388.0 120.0 tainty
9212.0 21720.0 260.0 100.0 this
9596.0 21720.0 380.0 108.0 stock,
10100.0 21716.0 308.0 112.0 slow,
10528.0 21716.0 552.0 120.0 perhaps,
11216.0 21704.0 232.0 100.0 but

8680.0 21880.0 296.0 80.0 sure.

8820.0 22000.0 356.0 96.0 Silver
9232.0 21996.0 324.0 120.0 King
9612.0 21992.0 624.0 112.0 Coalition,
10296.0 21988.0 372.0 112.0 $13.25
10720.0 21988.0 256.0 112.0 bid;
11048.0 21984.0 388.0 108.0 $14.75

8684.0 22136.0 380.0 112.0 asked;
9144.0 22140.0 300.0 92.0 Park
9512.0 22136.0 364.0 112.0 Utah,
9944.0 22136.0 308.0 100.0 $4.00
10316.0 22132.0 236.0 108.0 bid;
10628.0 22128.0 320.0 108.0 $4.50
11020.0 22124.0 400.0 108.0 asked;

8680.0 22276.0 664.0 108.0 Nalldriver,
9416.0 22272.0 144.0 100.0 46
9624.0 22272.0 248.0 112.0 bid,
9940.0 22272.0 200.0 96.0 56c
10208.0 22268.0 380.0 108.0 asked;
10672.0 22268.0 380.0 96.0 Silver
11112.0 22264.0 320.0 116.0 King

8680.0 22420.0 548.0 100.0 Western.
9300.0 22416.0 212.0 92.0 35c
9580.0 22412.0 244.0 108.0 bid,
9896.0 22412.0 204.0 96.0 40c
10168.0 22408.0 384.0 100.0 asked.
10616.0 22408.0 180.0 96.0 No
10860.0 22404.0 320.0 100.0 sales
11244.0 22404.0 192.0 96.0 for

8680.0 22552.0 372.0 96.0 either
9120.0 22552.0 128.0 96.0 of
9316.0 22552.0 228.0 96.0 the
9612.0 22548.0 412.0 96.0 above.

9720.0 22684.0 668.0 100.0 TUESDAY

8812.0 22820.0 420.0 100.0 Metals
9312.0 22840.0 332.0 80.0 same
9732.0 22840.0 136.0 76.0 as
9948.0 22820.0 532.0 116.0 Monday.

8812.0 22964.0 528.0 116.0 Nothing
9412.0 22980.0 132.0 76.0 as
9608.0 22964.0 204.0 116.0 yet
9880.0 22960.0 480.0 116.0 stirring
10424.0 22960.0 132.0 92.0 in
10624.0 22952.0 304.0 100.0 local
10996.0 22956.0 444.0 100.0 stocks.

8680.0 23100.0 356.0 100.0 Sales:

8808.0 23236.0 300.0 100.0 Park
9176.0 23232.0 276.0 120.0 City
9520.0 23232.0 328.0 112.0 Con.,
9924.0 23228.0 268.0 100.0 1599
10456.0 23228.0 136.0 96.0 34
10800.0 23228.0 252.0 100.0 and
11116.0 23228.0 244.0 100.0 35c.

8808.0 23376.0 276.0 100.0 East
9152.0 23376.0 364.0 108.0 Utah,
9584.0 23372.0 284.0 96.0 3000
9960.0 23384.0 96.0 92.0 (9
10148.0 23368.0 60.0 96.0 2
10228.0 23368.0 216.0 120.0 He.

9604.0 23504.0 888.0 104.0 WEDNESDAY

8812.0 23644.0 416.0 100.0 Metals
9296.0 23668.0 332.0 76.0 same
9696.0 23668.0 136.0 76.0 as
9892.0 23648.0 556.0 116.0 Tuesday.

8808.0 23784.0 340.0 100.0 Local
9208.0 23788.0 360.0 96.0 sales:

8812.0 23924.0 292.0 96.0 Park
9176.0 23924.0 272.0 116.0 City
9524.0 23924.0 328.0 104.0 Con.,
9932.0 23916.0 268.0 100.0 1100
10308.0 23928.0 72.0 80.0 a
10472.0 23912.0 240.0 100.0 35c.

8808.0 24056.0 296.0 104.0 Park
9172.0 24060.0 556.0 100.0 Premier.
9808.0 24060.0 268.0 92.0 1000
10164.0 24072.0 92.0 80.0 a
10344.0 24056.0 304.0 116.0 3'2c.

9660.0 24192.0 776.0 100.0 THURSDAY

8812.0 24332.0 168.0 100.0 No
9052.0 24332.0 464.0 116.0 change
9588.0 24328.0 140.0 100.0 ln
9796.0 24332.0 320.0 116.0 price
10188.0 24332.0 120.0 92.0 of
10380.0 24324.0 420.0 100.0 metals
10948.0 24324.0 256.0 96.0 and
11276.0 24340.0 152.0 80.0 no

8688.0 24468.0 848.0 120.0 improvement
9684.0 24472.0 136.0 92.0 in
9960.0 24468.0 296.0 96.0 local
10388.0 24464.0 468.0 116.0 mining
11000.0 24460.0 432.0 96.0 stocks.

8684.0 24608.0 292.0 116.0 Only
9088.0 24628.0 236.0 76.0 one
9444.0 24612.0 320.0 92.0 issue
9876.0 24604.0 524.0 120.0 changed
10508.0 24604.0 400.0 92.0 hands
11016.0 24600.0 412.0 116.0 today:

8680.0 24748.0 288.0 96.0 Park
9068.0 24748.0 268.0 116.0 City
9436.0 24748.0 332.0 108.0 Con.,
9868.0 24744.0 276.0 96.0 5100
10468.0 24740.0 132.0 100.0 35
10704.0 24740.0 248.0 96.0 and
11052.0 24740.0 140.0 92.0 80

8680.0 24884.0 232.0 96.0 34c.

8692.0 25124.0 804.0 96.0 SHIPMENTS

8684.0 25264.0 284.0 48.0 T)w
9152.0 25268.0 88.0 44.0 14-
9400.0 25268.0 240.0 44.0 rw,
10040.0 25260.0 184.0 52.0 fut
10864.0 25256.0 64.0 56.0 o
10972.0 25256.0 132.0 56.0 ao
11124.0 25256.0 60.0 56.0 a
11228.0 25256.0 200.0 56.0 nnn

8768.0 25324.0 120.0 124.0 T-
9028.0 25312.0 272.0 136.0 X"i
9532.0 25404.0 144.0 44.0 .k
9884.0 25312.0 232.0 44.0 uaw
10944.0 25312.0 240.0 136.0 VEn
11228.0 25312.0 200.0 136.0 EE

8684.0 25448.0 284.0 152.0 ootv
9048.0 25540.0 184.0 60.0 r.,t
9384.0 25448.0 852.0 152.0 fT,.;,A;;;;
10972.0 25448.0 456.0 152.0 IsTnZn

8684.0 25536.0 288.0 96.0 Park
9048.0 25540.0 268.0 116.0 City
9388.0 25536.0 852.0 120.0 Development
10972.0 25536.0 456.0 104.0 480,000

8812.0 25804.0 340.0 104.0 Total
10864.0 25808.0 568.0 108.0 3.686,000

8732.0 26128.0 1076.0 160.0 AmPriPJin
9916.0 26128.0 752.0 160.0 T.PO"inn
10780.0 26136.0 668.0 152.0 "NTnfpC

8904.0 26288.0 192.0 36.0 ...
10096.0 26288.0 588.0 76.0 -o-"..
10916.0 26288.0 40.0 44.0 '

8820.0 26520.0 64.0 32.0 -
9072.0 26524.0 220.0 64.0 tVtt
9408.0 26524.0 364.0 64.0 .,,
10856.0 26536.0 16.0 20.0 .
10968.0 26536.0 24.0 52.0 ,
11088.0 26536.0 24.0 24.0 .
11236.0 26540.0 100.0 48.0 .T
12804.0 26464.0 788.0 76.0 iieuuuis
13680.0 26464.0 356.0 76.0 penuu
14128.0 26464.0 116.0 60.0 01
14360.0 26472.0 552.0 116.0 portant
15000.0 26468.0 256.0 96.0 food
15344.0 26468.0 368.0 92.0 items.
15812.0 26464.0 284.0 88.0 The
16184.0 26464.0 324.0 88.0 index
16588.0 26464.0 92.0 84.0 is
16764.0 26464.0 384.0 84.0 based

8688.0 26656.0 64.0 80.0 s
8900.0 26524.0 560.0 212.0 ronrisf
10036.0 26532.0 296.0 204.0 JS
10764.0 26672.0 56.0 64.0 t
10936.0 26536.0 72.0 200.0 I
11008.0 26536.0 132.0 100.0 rt
11236.0 26540.0 200.0 172.0 NJ
11484.0 26532.0 20.0 144.0 1
11552.0 26564.0 272.0 92.0 1934
11908.0 26560.0 100.0 96.0 18
12084.0 26564.0 232.0 92.0 due
12384.0 26560.0 124.0 92.0 ln
12960.0 26564.0 304.0 112.0 Part
13336.0 26564.0 132.0 88.0 10
13536.0 26564.0 520.0 100.0 lnCTease8
14128.0 26568.0 124.0 92.0 of
14364.0 26624.0 184.0 76.0 on
14668.0 26604.0 236.0 92.0 the
15016.0 26620.0 444.0 96.0 average
15564.0 26600.0 124.0 96.0 cf
15816.0 26596.0 296.0 96.0 1913
16228.0 26616.0 124.0 76.0 as
16452.0 26588.0 308.0 100.0 100.0.
16868.0 26592.0 284.0 92.0 The

8684.0 26656.0 1684.0 212.0 IrirS
11016.0 26696.0 72.0 76.0 '
11200.0 26680.0 248.0 96.0 aid
11548.0 26700.0 240.0 92.0 55.0
11872.0 26716.0 208.0 104.0 per
12164.0 26704.0 264.0 92.0 cent
12508.0 26696.0 184.0 96.0 for
12768.0 26700.0 260.0 92.0 fats
13116.0 26700.0 256.0 92.0 and
13452.0 26696.0 232.0 108.0 oils.
13760.0 26700.0 212.0 96.0 29.9
14052.0 26724.0 200.0 100.0 per
14368.0 26736.0 552.0 116.0 weights
14980.0 26740.0 320.0 112.0 given
15352.0 26744.0 124.0 92.0 to
15528.0 26740.0 216.0 92.0 the
15812.0 26736.0 384.0 92.0 index
16252.0 26732.0 120.0 92.0 of
16420.0 26728.0 184.0 96.0 the
16660.0 26728.0 488.0 92.0 various

8684.0 26796.0 96.0 212.0 7
9016.0 26820.0 240.0 188.0 Ll
9956.0 26828.0 256.0 180.0 tVt
10280.0 26808.0 640.0 192.0 i?"-en
11008.0 26784.0 756.0 144.0 0icen
11932.0 26836.0 192.0 92.0 for
12412.0 26836.0 208.0 100.0 ats-
13080.0 26836.0 148.0 92.0 28
13272.0 26836.0 68.0 92.0 8
13444.0 26852.0 72.0 100.0 r
13724.0 26840.0 256.0 96.0 cent
14072.0 26784.0 616.0 188.0 forfo0ct
14772.0 26876.0 360.0 92.0 items
15200.0 26876.0 112.0 92.0 ln
15388.0 26876.0 148.0 92.0 its
15608.0 26868.0 848.0 100.0 construction
16516.0 26884.0 180.0 72.0 are
16760.0 26860.0 392.0 92.0 based

8840.0 26940.0 636.0 200.0 2n-V?
10244.0 27080.0 68.0 60.0 o
11232.0 26956.0 624.0 132.0 toe-eggs.
11960.0 26972.0 256.0 96.0 The
12308.0 26972.0 504.0 96.0 Increase
12916.0 26968.0 144.0 100.0 of
13168.0 26968.0 180.0 96.0 2.8
13452.0 26992.0 192.0 96.0 per
13728.0 26980.0 256.0 96.0 cent
14072.0 26984.0 188.0 92.0 for
14304.0 26976.0 16.0 128.0 j
14364.0 27032.0 188.0 76.0 on
14624.0 27008.0 244.0 96.0 the
14928.0 27008.0 788.0 116.0 expenditures
15788.0 27004.0 148.0 96.0 cf
16008.0 27020.0 320.0 96.0 wage
16388.0 27012.0 420.0 84.0 earners
16880.0 26996.0 268.0 96.0 and

8688.0 27068.0 456.0 116.0 Legion.
9276.0 27076.0 256.0 96.0 The
9592.0 27080.0 592.0 116.0 Bingham
10244.0 27080.0 624.0 120.0 Squadron
10924.0 27108.0 252.0 76.0 was
11236.0 27092.0 208.0 96.0 the
11544.0 27108.0 444.0 96.0 cereals
12080.0 27108.0 236.0 96.0 and
12400.0 27108.0 60.0 96.0 3
12504.0 27108.0 60.0 96.0 8
12652.0 27128.0 208.0 100.0 per
12952.0 27112.0 308.0 88.0 cent
13348.0 27108.0 180.0 92.0 for
13608.0 27112.0 300.0 120.0 dairy
13988.0 27132.0 264.0 104.0 pro-
14304.0 27172.0 20.0 76.0 ,
14368.0 27144.0 940.0 100.0 lower-salaried
15364.0 27144.0 508.0 96.0 workers

8692.0 27204.0 264.0 96.0 first
9040.0 27216.0 636.0 108.0 organized
9764.0 27220.0 132.0 92.0 in
9980.0 27220.0 212.0 96.0 the
10272.0 27220.0 328.0 100.0 State
10680.0 27228.0 140.0 92.0 of
10896.0 27228.0 332.0 96.0 Utah
11320.0 27232.0 124.0 96.0 in
11548.0 27248.0 364.0 96.0 ducts
11976.0 27264.0 240.0 76.0 was
12284.0 27248.0 352.0 92.0 much
12704.0 27244.0 232.0 96.0 less
13008.0 27244.0 536.0 96.0 marked.
15856.0 27272.0 352.0 100.0 TOM
16268.0 27272.0 84.0 96.0 P
16440.0 27268.0 512.0 100.0 COSTAS

8716.0 27340.0 300.0 100.0 1934.
9136.0 27344.0 256.0 128.0 Roy
9512.0 27348.0 612.0 128.0 SchUling.
10236.0 27364.0 568.0 96.0 assistant
10916.0 27372.0 552.0 116.0 superin-
11688.0 27384.0 464.0 96.0 within
12216.0 27384.0 208.0 96.0 the
12472.0 27388.0 264.0 116.0 past
12800.0 27388.0 252.0 92.0 two
13116.0 27380.0 384.0 96.0 weeks
13556.0 27380.0 288.0 100.0 meat
13900.0 27392.0 356.0 116.0 prices
14740.0 27412.0 1320.0 124.0 Secretary-Treasurer,
16112.0 27344.0 408.0 164.0 Min'ers
16568.0 27344.0 424.0 164.0 Union.'

11636.0 2752.0 320.0 132.0 2nd.
12084.0 2760.0 388.0 124.0 lm.

11640.0 3168.0 340.0 208.0 An
12072.0 3180.0 964.0 216.0 Honored
13136.0 3204.0 800.0 208.0 Citizen

12336.0 3452.0 480.0 212.0 Dies
12920.0 3468.0 232.0 196.0 In
13264.0 3472.0 476.0 208.0 Salt
13836.0 3480.0 504.0 204.0 Lake

11756.0 3844.0 148.0 96.0 At
11984.0 3844.0 212.0 104.0 the
12272.0 3852.0 292.0 120.0 Holy
12640.0 3860.0 320.0 100.0 Cross
13036.0 3868.0 600.0 120.0 Hospital.
13716.0 3876.0 240.0 100.0 Salt
14020.0 3876.0 300.0 108.0 Lake,

11624.0 3976.0 228.0 100.0 last
11968.0 3988.0 416.0 120.0 Friday
12504.0 4004.0 504.0 112.0 evening,
13124.0 4008.0 224.0 96.0 Mr.
13476.0 4020.0 440.0 100.0 George
14020.0 4024.0 304.0 96.0 Urav,

11472.0 4148.0 36.0 96.0 3
11556.0 4120.0 12.0 176.0 j
11608.0 4136.0 156.0 76.0 an
11864.0 4128.0 588.0 100.0 esteemed
12552.0 4136.0 412.0 96.0 citizen
13060.0 4144.0 128.0 92.0 of
13292.0 4168.0 244.0 76.0 our
13636.0 4156.0 676.0 116.0 community

11920.0 4312.0 344.0 68.0 uiunjr
12396.0 4312.0 344.0 72.0 jrais,
12852.0 4312.0 412.0 80.0 pat-sea
13388.0 4312.0 280.0 68.0 1:110
13780.0 4312.0 176.0 76.0 nis
14056.0 4312.0 264.0 76.0 iiniu

11616.0 4408.0 340.0 108.0 sleep,
12080.0 4408.0 600.0 112.0 following
12792.0 4432.0 64.0 76.0 a
12972.0 4420.0 336.0 92.0 three
13436.0 4424.0 416.0 100.0 week's
13960.0 4424.0 356.0 100.0 illness

11604.0 4536.0 284.0 104.0 with
11952.0 4548.0 760.0 108.0 pneumonia.

11740.0 4672.0 244.0 96.0 Tub
12064.0 4684.0 952.0 104.0 announcement
13092.0 4688.0 132.0 96.0 of
13304.0 4692.0 212.0 96.0 his
13596.0 4696.0 348.0 96.0 death
14016.0 4716.0 292.0 76.0 came

11604.0 4828.0 124.0 72.0 as
11804.0 4832.0 68.0 72.0 a
11956.0 4816.0 324.0 108.0 great
12360.0 4820.0 352.0 92.0 shock
12792.0 4828.0 120.0 88.0 to
12988.0 4828.0 192.0 88.0 his
13260.0 4848.0 384.0 100.0 many
13720.0 4832.0 280.0 96.0 Park
14068.0 4836.0 236.0 116.0 City

11604.0 4968.0 480.0 88.0 irienaa,
12156.0 4968.0 192.0 80.0 lor
12416.0 4968.0 336.0 88.0 wnile
12816.0 4968.0 184.0 84.0 his
13068.0 4968.0 644.0 92.0 condition
13780.0 4992.0 208.0 72.0 was
14048.0 4988.0 200.0 76.0 con

11548.0 5080.0 504.0 148.0 i6ldered
12160.0 5092.0 488.0 108.0 critical,
12744.0 5096.0 424.0 120.0 during
13272.0 5104.0 232.0 92.0 the
13608.0 5108.0 264.0 92.0 first
13960.0 5108.0 348.0 112.0 stages

11544.0 5244.0 16.0 112.0 I
11612.0 5220.0 120.0 160.0 2f
11948.0 5224.0 156.0 176.0 ls4
12172.0 5228.0 428.0 104.0 lllnts-
12716.0 5232.0 180.0 96.0 loT
13008.0 5256.0 68.0 72.0 a
13204.0 5244.0 332.0 88.0 week
13668.0 5240.0 364.0 100.0 before
14136.0 5248.0 172.0 92.0 his

11600.0 5360.0 356.0 96.0 death
12056.0 5360.0 344.0 96.0 there
12492.0 5384.0 224.0 80.0 was
12812.0 5384.0 68.0 76.0 a
12968.0 5372.0 428.0 100.0 steady
13504.0 5372.0 796.0 100.0 improvement

11600.0 5488.0 124.0 92.0 ln
11796.0 5496.0 188.0 92.0 his
12052.0 5500.0 644.0 104.0 condition,
12772.0 5508.0 224.0 92.0 and
13068.0 5528.0 160.0 72.0 on
13312.0 5512.0 472.0 112.0 Friday,
13848.0 5520.0 188.0 92.0 the
14096.0 5516.0 196.0 112.0 day

11592.0 5620.0 132.0 100.0 of
11808.0 5624.0 192.0 100.0 his
12084.0 5632.0 400.0 112.0 death,
12568.0 5636.0 524.0 100.0 relatives
13180.0 5644.0 260.0 96.0 and
13528.0 5648.0 440.0 96.0 friends
14040.0 5668.0 260.0 80.0 were

11592.0 5764.0 620.0 96.0 confident
12352.0 5772.0 148.0 92.0 he
12632.0 5776.0 224.0 92.0 had
12984.0 5784.0 436.0 108.0 passed
13576.0 5788.0 208.0 92.0 the
13904.0 5788.0 396.0 112.0 danger

11600.0 5900.0 364.0 108.0 mark,
12088.0 5904.0 236.0 96.0 and
12440.0 5908.0 268.0 96.0 that
12816.0 5912.0 184.0 92.0 his
13108.0 5916.0 612.0 116.0 complete
13824.0 5940.0 472.0 96.0 recovery

11592.0 6052.0 228.0 76.0 was
11908.0 6040.0 488.0 92.0 certain.
12480.0 6040.0 436.0 124.0 During
12992.0 6048.0 220.0 96.0 the
13300.0 6060.0 628.0 92.0 afternoon
14004.0 6060.0 228.0 92.0 how-

11596.0 6188.0 284.0 92.0 ever,
11964.0 6196.0 64.0 72.0 a
12108.0 6176.0 460.0 96.0 sudden
12644.0 6184.0 436.0 116.0 change
13156.0 6188.0 192.0 92.0 for
13432.0 6192.0 224.0 92.0 the
13728.0 6212.0 320.0 76.0 worse
14116.0 6212.0 120.0 76.0 oc-

11592.0 6312.0 444.0 112.0 curred,
12112.0 6316.0 248.0 96.0 and
12428.0 6316.0 340.0 100.0 death
12840.0 6340.0 280.0 76.0 soon
13192.0 6324.0 604.0 100.0 followed.

11724.0 6444.0 580.0 100.0 Deceased
12380.0 6472.0 228.0 72.0 was
12680.0 6456.0 284.0 92.0 born
13032.0 6460.0 140.0 92.0 ln
13244.0 6460.0 424.0 112.0 Butte,
13744.0 6460.0 544.0 108.0 Montana,

11588.0 6600.0 160.0 80.0 on
11844.0 6584.0 272.0 120.0 May
12228.0 6588.0 164.0 108.0 19,
12504.0 6592.0 284.0 96.0 1890.
12888.0 6592.0 172.0 96.0 Ke
13156.0 6596.0 336.0 100.0 lived
13592.0 6604.0 212.0 92.0 the
13896.0 6604.0 396.0 112.0 greater

11580.0 6736.0 268.0 100.0 part
11936.0 6736.0 128.0 80.0 or
12152.0 6736.0 192.0 84.0 his
12428.0 6736.0 200.0 88.0 life
12712.0 6736.0 124.0 88.0 in
12916.0 6736.0 304.0 92.0 Park
13312.0 6736.0 320.0 116.0 City,
13720.0 6736.0 568.0 116.0 attending

11580.0 6876.0 212.0 76.0 our
11852.0 6856.0 412.0 120.0 public
12332.0 6864.0 476.0 96.0 schools.
12876.0 6868.0 380.0 100.0 When
13324.0 6876.0 564.0 116.0 reaching
13948.0 6872.0 336.0 96.0 man's

11572.0 6996.0 384.0 96.0 estate
12048.0 7000.0 160.0 96.0 he
12304.0 6996.0 280.0 100.0 took
12676.0 7020.0 160.0 96.0 up
12924.0 7004.0 524.0 116.0 mining,
13548.0 7012.0 240.0 92.0 and
13880.0 7008.0 404.0 96.0 worked

11580.0 7128.0 128.0 96.0 In
11768.0 7132.0 216.0 96.0 the
12052.0 7136.0 388.0 92.0 mines
12500.0 7136.0 124.0 92.0 of
12684.0 7140.0 236.0 92.0 this
12988.0 7140.0 280.0 108.0 city,
13344.0 7144.0 256.0 96.0 and
13668.0 7148.0 176.0 92.0 for
13904.0 7168.0 60.0 72.0 a
14024.0 7148.0 260.0 92.0 time

11588.0 7264.0 600.0 120.0 following
12312.0 7272.0 276.0 92.0 that
12700.0 7276.0 724.0 112.0 occupation
13552.0 7280.0 444.0 92.0 outside
14100.0 7284.0 196.0 88.0 the

11588.0 7408.0 344.0 92.0 state.
12040.0 7408.0 668.0 112.0 Returning
12804.0 7408.0 128.0 92.0 to
13036.0 7408.0 316.0 96.0 Park
13472.0 7412.0 304.0 112.0 City,
13876.0 7412.0 136.0 96.0 he
14104.0 7408.0 136.0 92.0 be

11588.0 7552.0 324.0 76.0 came
12032.0 7544.0 648.0 92.0 connected
12792.0 7540.0 292.0 96.0 with
13200.0 7544.0 236.0 92.0 the
13560.0 7544.0 352.0 96.0 Silver
14012.0 7544.0 284.0 112.0 King

11528.0 7700.0 16.0 84.0 I
11580.0 7664.0 632.0 120.0 Coalition,
12288.0 7676.0 236.0 92.0 and
12588.0 7676.0 180.0 92.0 for
12832.0 7696.0 320.0 76.0 more
13220.0 7680.0 340.0 92.0 than
13632.0 7680.0 304.0 116.0 eight
13992.0 7696.0 296.0 100.0 years

11584.0 7812.0 296.0 108.0 past,
11972.0 7808.0 156.0 96.0 he
12212.0 7828.0 236.0 72.0 was
12528.0 7812.0 292.0 96.0 shift
12900.0 7812.0 272.0 92.0 boss
13264.0 7816.0 144.0 92.0 at
13492.0 7816.0 224.0 96.0 the
13788.0 7816.0 492.0 108.0 Alliance,

11584.0 7944.0 384.0 92.0 under
12060.0 7944.0 200.0 96.0 his
12356.0 7944.0 412.0 112.0 father,
12864.0 7944.0 216.0 100.0 Mr.
13172.0 7948.0 324.0 96.0 Wm.
13596.0 7948.0 332.0 116.0 Gray,
14012.0 7948.0 220.0 100.0 fore

11580.0 8092.0 284.0 84.0 man
11976.0 8080.0 128.0 96.0 of
12216.0 8076.0 280.0 104.0 that
12600.0 8080.0 304.0 120.0 great
13008.0 8084.0 584.0 124.0 property
13700.0 8084.0 176.0 100.0 for
13972.0 8100.0 316.0 104.0 many

11576.0 8228.0 364.0 100.0 years.

11716.0 8352.0 588.0 96.0 Deceased
12416.0 8368.0 232.0 80.0 was
12748.0 8348.0 292.0 104.0 both
13152.0 8356.0 532.0 108.0 popular
13792.0 8356.0 216.0 100.0 and
14104.0 8352.0 128.0 100.0 be

11580.0 8480.0 336.0 104.0 loved
12024.0 8488.0 152.0 120.0 by
12284.0 8488.0 192.0 96.0 his
12576.0 8488.0 372.0 100.0 fellow
13048.0 8496.0 664.0 112.0 workmen,
13812.0 8492.0 216.0 100.0 and
14120.0 8492.0 172.0 100.0 his

11572.0 8624.0 592.0 120.0 untimely
12228.0 8628.0 364.0 96.0 death
12652.0 8632.0 96.0 92.0 Is
12804.0 8628.0 580.0 120.0 sincerely
13452.0 8628.0 580.0 116.0 mourned,
14092.0 8632.0 196.0 96.0 not

11568.0 8764.0 280.0 116.0 only
11920.0 8760.0 152.0 120.0 by
12144.0 8764.0 348.0 96.0 those
12560.0 8764.0 276.0 100.0 with
12904.0 8764.0 404.0 100.0 whom
13380.0 8764.0 172.0 104.0 he
13616.0 8788.0 224.0 76.0 was
13904.0 8764.0 380.0 124.0 closely

11576.0 8904.0 688.0 104.0 associated,
12360.0 8904.0 224.0 96.0 but
12668.0 8904.0 148.0 120.0 by
12904.0 8904.0 220.0 92.0 the
13216.0 8908.0 412.0 92.0 entire
13720.0 8924.0 528.0 76.0 commun

11572.0 9036.0 208.0 120.0 ity.
11852.0 9036.0 212.0 100.0 His
12136.0 9040.0 332.0 96.0 loved
12536.0 9060.0 276.0 76.0 ones
12880.0 9040.0 244.0 96.0 and
13196.0 9040.0 484.0 96.0 friends
13748.0 9040.0 212.0 100.0 will
14024.0 9044.0 260.0 92.0 miss

11568.0 9172.0 192.0 96.0 his
11856.0 9176.0 424.0 120.0 kindly
12372.0 9180.0 332.0 92.0 smile
12792.0 9180.0 236.0 96.0 and
13124.0 9180.0 548.0 116.0 friendly
13764.0 9180.0 504.0 116.0 greeting;

11572.0 9312.0 192.0 96.0 his
11828.0 9312.0 368.0 116.0 Jovial
12268.0 9312.0 536.0 120.0 laughter
12864.0 9316.0 244.0 96.0 and
13172.0 9316.0 212.0 96.0 his
13456.0 9312.0 416.0 124.0 always
13936.0 9312.0 344.0 120.0 genial

11572.0 9464.0 584.0 100.0 presence.
12260.0 9452.0 208.0 96.0 His
12560.0 9452.0 552.0 112.0 cheerful,
13216.0 9456.0 492.0 120.0 helpful
13804.0 9456.0 220.0 104.0 life,
14108.0 9452.0 176.0 96.0 his

11572.0 9588.0 560.0 96.0 devotion
12240.0 9584.0 136.0 100.0 to
12484.0 9588.0 184.0 96.0 his
12772.0 9572.0 264.0 112.0 wffe
13152.0 9592.0 268.0 96.0 and
13532.0 9592.0 424.0 116.0 family,
14064.0 9588.0 216.0 100.0 and

11568.0 9720.0 568.0 100.0 kindness
12220.0 9728.0 132.0 92.0 to
12440.0 9728.0 152.0 96.0 all
12676.0 9728.0 280.0 96.0 with
13048.0 9728.0 420.0 96.0 whom
13556.0 9728.0 156.0 96.0 he
13788.0 9748.0 296.0 76.0 came
14160.0 9728.0 116.0 92.0 ln

11564.0 9860.0 516.0 112.0 contact,
12176.0 9860.0 244.0 100.0 will
12512.0 9864.0 264.0 116.0 long
12868.0 9860.0 388.0 120.0 linger
13360.0 9864.0 140.0 96.0 ln
13596.0 9880.0 484.0 100.0 memory
14160.0 9860.0 116.0 100.0 of

11564.0 10000.0 344.0 100.0 those
11968.0 10004.0 268.0 96.0 who
12300.0 10000.0 328.0 96.0 knew
12688.0 10000.0 244.0 96.0 him
12992.0 10004.0 248.0 92.0 and
13312.0 10000.0 644.0 96.0 associated
14012.0 10000.0 260.0 96.0 with

11560.0 10136.0 292.0 100.0 him.
11928.0 10136.0 176.0 96.0 He
12184.0 10160.0 232.0 76.0 was
12496.0 10160.0 68.0 76.0 a
12640.0 10136.0 480.0 100.0 devoted
13204.0 10140.0 608.0 108.0 husband,
13888.0 10156.0 144.0 76.0 an
14096.0 10136.0 120.0 96.0 In-

11564.0 10276.0 500.0 116.0 dulgent
12136.0 10276.0 424.0 108.0 father,
12636.0 10276.0 228.0 96.0 and
12936.0 10296.0 72.0 76.0 a
13076.0 10276.0 752.0 116.0 dependable
13888.0 10268.0 380.0 100.0 friend.

11700.0 10412.0 632.0 116.0 Surviving
12392.0 10412.0 248.0 96.0 him
12704.0 10432.0 192.0 76.0 are
12952.0 10412.0 200.0 96.0 his
13216.0 10412.0 428.0 96.0 father
13704.0 10412.0 216.0 96.0 and
13976.0 10408.0 232.0 116.0 step-

11556.0 10552.0 504.0 112.0 mother,
12136.0 10552.0 220.0 96.0 Mr.
12432.0 10552.0 224.0 96.0 and
12732.0 10552.0 264.0 96.0 Mrs.
13076.0 10548.0 544.0 96.0 William
13696.0 10552.0 316.0 112.0 Gray;
14092.0 10544.0 176.0 96.0 his

11556.0 10692.0 432.0 104.0 widow,
12132.0 10688.0 280.0 96.0 Mrs.
12540.0 10688.0 364.0 112.0 Agnes
13036.0 10684.0 424.0 96.0 Harris
13600.0 10684.0 328.0 116.0 Gray;
14060.0 10696.0 204.0 80.0 one

11560.0 10824.0 620.0 120.0 daughter,
12288.0 10828.0 268.0 92.0 Mrs.
12656.0 10824.0 520.0 116.0 Dorothy
13292.0 10824.0 328.0 120.0 Gray
13724.0 10820.0 524.0 104.0 DeBusks;

11556.0 10984.0 68.0 72.0 a
11720.0 10964.0 980.0 116.0 granddaughter;
12800.0 10980.0 220.0 72.0 one
13120.0 10960.0 404.0 104.0 sister,
13616.0 10960.0 252.0 96.0 Mrs.
13956.0 10956.0 304.0 96.0 Chris

11556.0 11104.0 640.0 104.0 Anderson,
12272.0 11104.0 156.0 92.0 all
12496.0 11100.0 124.0 96.0 of
12688.0 11100.0 248.0 92.0 Salt
13000.0 11096.0 328.0 96.0 Lake
13408.0 11096.0 300.0 116.0 City,
13776.0 11096.0 212.0 92.0 and
14052.0 11092.0 208.0 92.0 two

11552.0 11240.0 580.0 108.0 brothers,
12220.0 11240.0 288.0 92.0 Wm.
12592.0 11236.0 332.0 116.0 Gray,
13012.0 11236.0 208.0 104.0 Jr.,
13308.0 11232.0 148.0 96.0 of
13544.0 11236.0 260.0 92.0 New
13880.0 11232.0 380.0 108.0 Jersey,

11560.0 11376.0 228.0 100.0 and
11892.0 11376.0 448.0 92.0 Martin
12436.0 11376.0 332.0 116.0 Gray,
12860.0 11372.0 124.0 92.0 of
13076.0 11368.0 328.0 96.0 Park
13508.0 11368.0 292.0 116.0 City.
13884.0 11368.0 148.0 92.0 To
14116.0 11360.0 140.0 100.0 all

11556.0 11512.0 332.0 92.0 these
11952.0 11512.0 632.0 112.0 sorrowing
12648.0 11528.0 272.0 76.0 ones
12984.0 11508.0 484.0 92.0 sincere
13528.0 11504.0 580.0 116.0 sympathy
14168.0 11504.0 96.0 92.0 Is

11560.0 11652.0 572.0 92.0 extended
12208.0 11648.0 128.0 96.0 in
12400.0 11648.0 304.0 96.0 their
12764.0 11644.0 204.0 96.0 sad
13032.0 11644.0 864.0 92.0 bereavement.

11692.0 11784.0 512.0 96.0 Funeral
12356.0 11784.0 472.0 92.0 services
12964.0 11800.0 304.0 76.0 were
13420.0 11780.0 280.0 92.0 held
13828.0 11772.0 428.0 116.0 Sunday

11564.0 11924.0 636.0 92.0 afternoon
12372.0 11924.0 300.0 88.0 from
12836.0 11916.0 212.0 92.0 the
13228.0 11916.0 456.0 92.0 Larkln
13840.0 11908.0 420.0 100.0 funeral

11556.0 12060.0 444.0 116.0 chapel,
12092.0 12052.0 252.0 100.0 Salt
12424.0 12056.0 296.0 96.0 Lake
12796.0 12056.0 300.0 112.0 City,
13180.0 12052.0 464.0 116.0 Bishop
13724.0 12048.0 352.0 96.0 James
14148.0 12048.0 104.0 92.0 F.

11560.0 12200.0 616.0 108.0 Sheffield,
12276.0 12196.0 128.0 92.0 of
12500.0 12192.0 324.0 96.0 Wells
12920.0 12192.0 396.0 112.0 Ward,
13428.0 12188.0 120.0 96.0 L.
13648.0 12188.0 124.0 92.0 D.
13868.0 12184.0 132.0 104.0 S.,
14088.0 12180.0 112.0 96.0 of-

11568.0 12336.0 588.0 112.0 ficiating.
12248.0 12332.0 244.0 96.0 The
12576.0 12324.0 476.0 104.0 services
13144.0 12344.0 320.0 76.0 were
13548.0 12344.0 256.0 96.0 very
13884.0 12316.0 380.0 116.0 largely

11552.0 12472.0 608.0 104.0 attended,
12236.0 12484.0 348.0 100.0 many
12652.0 12464.0 340.0 116.0 being
13064.0 12460.0 508.0 120.0 present
13640.0 12460.0 284.0 96.0 from
13984.0 12456.0 264.0 92.0 Park

11564.0 12612.0 296.0 116.0 City,
11972.0 12628.0 436.0 96.0 among
12508.0 12608.0 372.0 92.0 whom
12988.0 12620.0 312.0 72.0 were
13412.0 12616.0 376.0 76.0 scores
13880.0 12596.0 112.0 92.0 of
14088.0 12592.0 172.0 96.0 his

11552.0 12748.0 388.0 96.0 fellow
12024.0 12748.0 584.0 92.0 workmen
12752.0 12740.0 224.0 92.0 and
13068.0 12760.0 72.0 76.0 a
13232.0 12740.0 476.0 108.0 cortege
13784.0 12732.0 112.0 96.0 of
13968.0 12744.0 288.0 80.0 more

11548.0 12884.0 308.0 96.0 than
11944.0 12884.0 292.0 116.0 fifty
12332.0 12876.0 756.0 100.0 automobiles
13184.0 12872.0 556.0 100.0 followed
13816.0 12872.0 192.0 96.0 the
14084.0 12884.0 112.0 76.0 re-

11548.0 13024.0 388.0 92.0 mains
11996.0 13024.0 136.0 92.0 to
12196.0 13020.0 212.0 96.0 the
12472.0 13016.0 248.0 120.0 City
12780.0 13008.0 640.0 120.0 cemetery.

11684.0 13160.0 444.0 116.0 George
12224.0 13156.0 420.0 96.0 Archer
12728.0 13156.0 124.0 92.0 of
12940.0 13152.0 260.0 96.0 this
13300.0 13148.0 288.0 116.0 city,
13680.0 13140.0 560.0 100.0 furnished

11544.0 13300.0 236.0 92.0 five
11852.0 13296.0 776.0 96.0 automobiles
12688.0 13292.0 128.0 92.0 to
12888.0 13284.0 892.0 100.0 accommodate
13848.0 13284.0 340.0 96.0 fellow-

11544.0 13436.0 596.0 96.0 workmen
12224.0 13432.0 128.0 96.0 of
12428.0 13432.0 528.0 96.0 deceased
13040.0 13424.0 136.0 96.0 to
13260.0 13424.0 440.0 96.0 attend
13768.0 13416.0 192.0 96.0 the
14028.0 13432.0 160.0 76.0 ser-

11548.0 13572.0 340.0 96.0 vices.
11948.0 13572.0 292.0 92.0 This
12308.0 13564.0 512.0 120.0 gracious
12880.0 13560.0 192.0 100.0 act
13140.0 13580.0 256.0 76.0 was
13464.0 13560.0 352.0 96.0 much
13876.0 13572.0 312.0 100.0 appre-

11544.0 13712.0 384.0 96.0 ciated
11996.0 13708.0 156.0 120.0 by
12212.0 13708.0 212.0 96.0 the
12484.0 13704.0 432.0 116.0 family.

12264.0 14012.0 372.0 96.0 CARD
12720.0 14008.0 180.0 96.0 OF
12980.0 14000.0 612.0 100.0 THANKS

11680.0 14192.0 168.0 96.0 To
11920.0 14184.0 216.0 104.0 the
12208.0 14208.0 352.0 96.0 many
12628.0 14180.0 292.0 100.0 Park
12996.0 14184.0 284.0 116.0 City
13364.0 14180.0 240.0 96.0 and
13680.0 14176.0 232.0 96.0 Salt
13972.0 14172.0 272.0 100.0 Lake

11544.0 14328.0 456.0 96.0 friends
12084.0 14324.0 268.0 96.0 who
12428.0 14340.0 316.0 76.0 came
12816.0 14320.0 132.0 92.0 to
13024.0 14336.0 164.0 76.0 us
13272.0 14316.0 144.0 92.0 ln
13504.0 14336.0 216.0 72.0 our
13788.0 14316.0 276.0 92.0 hour
14132.0 14312.0 116.0 96.0 of

11544.0 14464.0 508.0 104.0 trouble,
12132.0 14460.0 236.0 96.0 and
12436.0 14456.0 752.0 96.0 contributed
13268.0 14452.0 172.0 96.0 all
13504.0 14448.0 272.0 96.0 that
13836.0 14452.0 416.0 92.0 human

11548.0 14600.0 572.0 96.0 kindness
12184.0 14596.0 340.0 96.0 could
12580.0 14592.0 496.0 116.0 suggest,
13144.0 14588.0 140.0 92.0 to
13352.0 14584.0 280.0 116.0 help
13696.0 14584.0 212.0 96.0 and
13964.0 14600.0 228.0 76.0 com-

11548.0 14740.0 276.0 104.0 fort,
11884.0 14756.0 172.0 76.0 we
12116.0 14736.0 412.0 92.0 return
12584.0 14752.0 204.0 76.0 our
12848.0 14724.0 316.0 100.0 most
13228.0 14724.0 572.0 96.0 heartfelt
13848.0 14716.0 404.0 100.0 thanks

11560.0 14876.0 236.0 96.0 and
11916.0 14872.0 588.0 112.0 although
12608.0 14864.0 292.0 100.0 such
13016.0 14860.0 528.0 100.0 devoted
13660.0 14852.0 596.0 116.0 friendship

11548.0 15012.0 444.0 92.0 cannot
12100.0 15024.0 456.0 76.0 remove
12660.0 15004.0 200.0 92.0 the
12968.0 15000.0 220.0 92.0 sad
13308.0 14996.0 600.0 92.0 memories
14000.0 14992.0 248.0 92.0 that

11540.0 15144.0 384.0 116.0 linger
11992.0 15140.0 460.0 100.0 around
12516.0 15136.0 196.0 96.0 the
12776.0 15128.0 444.0 100.0 vacant
13288.0 15132.0 380.0 104.0 chair,
13736.0 15132.0 92.0 92.0 It
13884.0 15128.0 364.0 112.0 brings

11540.0 15284.0 260.0 96.0 Into
11888.0 15284.0 292.0 92.0 view
12264.0 15276.0 208.0 96.0 the
12552.0 15272.0 580.0 116.0 brightest
13224.0 15272.0 272.0 92.0 side
13576.0 15268.0 124.0 96.0 of
13772.0 15268.0 408.0 92.0 human-

11540.0 15420.0 200.0 116.0 ity,
11824.0 15420.0 236.0 96.0 and
12140.0 15416.0 432.0 92.0 throws
12640.0 15408.0 204.0 100.0 the
12916.0 15424.0 308.0 104.0 pure
13308.0 15404.0 316.0 116.0 light
13696.0 15404.0 112.0 96.0 of
13872.0 15400.0 308.0 96.0 unsel-

11540.0 15556.0 240.0 96.0 fish
11888.0 15552.0 664.0 112.0 friendship
12656.0 15544.0 248.0 100.0 Into
13020.0 15568.0 68.0 72.0 a
13208.0 15544.0 592.0 92.0 darkened
13896.0 15536.0 344.0 96.0 home.

11532.0 15696.0 268.0 116.0 May
11884.0 15692.0 216.0 92.0 the
12188.0 15692.0 220.0 112.0 day
12492.0 15688.0 132.0 92.0 be
12700.0 15688.0 184.0 92.0 far
12968.0 15680.0 496.0 96.0 distant
13548.0 15676.0 316.0 96.0 when
13936.0 15672.0 300.0 96.0 these

11532.0 15832.0 452.0 96.0 friends
12040.0 15828.0 268.0 96.0 who
12368.0 15820.0 536.0 120.0 gathered
12964.0 15816.0 484.0 96.0 around
13508.0 15836.0 148.0 72.0 us
13708.0 15808.0 208.0 96.0 will
13972.0 15804.0 260.0 96.0 need

11544.0 15968.0 444.0 96.0 similar
12116.0 15964.0 620.0 104.0 attention,
12852.0 15952.0 228.0 100.0 but
13208.0 15956.0 368.0 92.0 when
13684.0 15948.0 192.0 96.0 the
13980.0 15944.0 268.0 96.0 time

11536.0 16124.0 384.0 72.0 comes
12020.0 16120.0 276.0 96.0 may
12392.0 16100.0 272.0 112.0 they
12760.0 16092.0 456.0 96.0 receive
13328.0 16092.0 216.0 92.0 the
13644.0 16104.0 296.0 76.0 same
14028.0 16076.0 204.0 96.0 full

11528.0 16260.0 536.0 76.0 measure
12160.0 16240.0 128.0 96.0 of
12376.0 16252.0 544.0 96.0 generous
13020.0 16228.0 204.0 96.0 aid
13336.0 16224.0 240.0 96.0 and
13668.0 16212.0 564.0 124.0 sympathy

11532.0 16380.0 280.0 116.0 they
11880.0 16376.0 528.0 116.0 brought
12468.0 16368.0 124.0 100.0 to
12656.0 16388.0 140.0 76.0 us
12864.0 16368.0 132.0 96.0 in
13068.0 16384.0 236.0 76.0 our
13380.0 16360.0 284.0 100.0 dark
13728.0 16360.0 332.0 92.0 hours
14120.0 16352.0 112.0 96.0 of

11528.0 16520.0 280.0 96.0 trial
11876.0 16516.0 244.0 96.0 and
12184.0 16528.0 444.0 80.0 sorrow.

11664.0 16660.0 224.0 92.0 For
11960.0 16656.0 220.0 92.0 the
12252.0 16668.0 348.0 92.0 many
12672.0 16636.0 612.0 100.0 beautiful
13368.0 16632.0 344.0 100.0 floral
13780.0 16644.0 392.0 80.0 remem-

11536.0 16792.0 496.0 96.0 brances
12156.0 16808.0 168.0 72.0 we
12444.0 16804.0 188.0 72.0 are
12740.0 16776.0 328.0 116.0 truly
13200.0 16768.0 520.0 120.0 grateful
13828.0 16768.0 120.0 96.0 to
14048.0 16764.0 188.0 92.0 the

11528.0 16928.0 456.0 96.0 friends
12044.0 16916.0 804.0 112.0 contributing
12904.0 16928.0 376.0 80.0 same.

11944.0 17060.0 300.0 112.0 Very
12316.0 17052.0 640.0 120.0 gratefully,

12088.0 17200.0 340.0 92.0 MRS.
12500.0 17188.0 584.0 100.0 GEORGE
13168.0 17176.0 432.0 104.0 GRAY

12236.0 17336.0 288.0 88.0 AND
12588.0 17324.0 588.0 108.0 FAMILY,

12088.0 17468.0 264.0 100.0 MR.
12416.0 17468.0 280.0 92.0 AND
12756.0 17464.0 340.0 96.0 MRS.
13164.0 17452.0 648.0 104.0 WILLIAM
13864.0 17440.0 368.0 104.0 GRAY

12240.0 17608.0 288.0 92.0 AND
12604.0 17596.0 596.0 104.0 FAMILY.

11532.0 18048.0 512.0 100.0 tendent
12160.0 18048.0 124.0 96.0 of
12388.0 18048.0 204.0 96.0 the
12696.0 18044.0 320.0 96.0 Utah
13136.0 18040.0 500.0 116.0 Copper,
13740.0 18052.0 212.0 76.0 was
14048.0 18028.0 196.0 96.0 the

11536.0 18208.0 380.0 104.0 power
11984.0 18184.0 448.0 100.0 behind
12496.0 18184.0 204.0 96.0 the
12760.0 18180.0 740.0 104.0 movement,
13572.0 18176.0 220.0 96.0 and
13848.0 18176.0 140.0 92.0 he
14044.0 18172.0 204.0 92.0 has

11540.0 18352.0 68.0 72.0 a
11708.0 18324.0 552.0 120.0 splendid
12364.0 18320.0 576.0 120.0 squadron
13048.0 18316.0 136.0 96.0 of
13300.0 18316.0 296.0 112.0 boys
13684.0 18308.0 564.0 116.0 organized

11540.0 18468.0 292.0 96.0 with
11916.0 18488.0 72.0 72.0 a
12072.0 18464.0 352.0 96.0 home
12500.0 18456.0 548.0 120.0 provided
13136.0 18456.0 204.0 92.0 for
13420.0 18452.0 212.0 92.0 the
13704.0 18448.0 544.0 120.0 squadron

11540.0 18608.0 128.0 96.0 ln
11748.0 18608.0 212.0 88.0 the
12036.0 18600.0 428.0 112.0 Legion
12544.0 18588.0 784.0 116.0 Community
13412.0 18588.0 408.0 96.0 Center
13884.0 18584.0 304.0 96.0 build-

11540.0 18740.0 236.0 116.0 ing.
11860.0 18736.0 256.0 100.0 The
12196.0 18736.0 436.0 96.0 Jordan
12708.0 18732.0 276.0 96.0 Post
13072.0 18728.0 320.0 100.0 with
13476.0 18720.0 776.0 124.0 headquarters

11544.0 18880.0 120.0 92.0 at
11784.0 18872.0 548.0 108.0 Midvale,
12444.0 18864.0 616.0 120.0 organized
13184.0 18864.0 144.0 96.0 in
13456.0 18864.0 260.0 92.0 1935
13820.0 18856.0 260.0 96.0 with
14188.0 18876.0 64.0 72.0 a

11540.0 19008.0 796.0 116.0 membership
12436.0 19008.0 124.0 92.0 of
12660.0 19004.0 128.0 92.0 28
12892.0 19016.0 364.0 80.0 sons'
13304.0 18996.0 132.0 100.0 of
13540.0 18992.0 712.0 120.0 legionnaires

11544.0 19148.0 232.0 96.0 and
11844.0 19148.0 136.0 92.0 of
12052.0 19164.0 280.0 76.0 sons
12404.0 19140.0 120.0 96.0 of
12584.0 19140.0 664.0 92.0 ex-service
13320.0 19152.0 284.0 76.0 meu
13676.0 19132.0 236.0 92.0 who
13972.0 19128.0 276.0 96.0 have

11540.0 19280.0 592.0 96.0 answered
12208.0 19276.0 208.0 96.0 the
12488.0 19272.0 296.0 100.0 final
12856.0 19272.0 276.0 96.0 call.
13216.0 19268.0 336.0 96.0 Even
13628.0 19264.0 356.0 96.0 before
14052.0 19264.0 200.0 96.0 the

11540.0 19420.0 444.0 92.0 Jordan
12080.0 19412.0 276.0 96.0 Post
12440.0 19412.0 228.0 92.0 had
12756.0 19408.0 548.0 92.0 received
13408.0 19424.0 68.0 76.0 a
13568.0 19400.0 428.0 96.0 charter
14072.0 19396.0 176.0 96.0 for

11536.0 19552.0 212.0 96.0 the
11832.0 19552.0 608.0 116.0 squadron
12524.0 19548.0 204.0 92.0 the
12812.0 19544.0 240.0 96.0 live
13144.0 19540.0 356.0 96.0 wires
13584.0 19536.0 124.0 96.0 of
13784.0 19536.0 460.0 96.0 Midvale

11536.0 19688.0 240.0 100.0 had
11844.0 19684.0 620.0 120.0 organized
12532.0 19684.0 200.0 92.0 the
12800.0 19676.0 292.0 120.0 boys
13172.0 19676.0 288.0 96.0 into
13520.0 19692.0 72.0 76.0 a
13652.0 19676.0 316.0 92.0 drum
14028.0 19672.0 216.0 92.0 and

11540.0 19824.0 352.0 116.0 bugle
12008.0 19840.0 336.0 100.0 corps
12448.0 19820.0 228.0 92.0 and
12784.0 19836.0 128.0 72.0 as
13020.0 19832.0 324.0 76.0 soon
13456.0 19832.0 132.0 72.0 as
13684.0 19808.0 284.0 96.0 their
14064.0 19808.0 120.0 92.0 In

11536.0 19960.0 668.0 96.0 struments
12308.0 19956.0 360.0 96.0 arrive
12764.0 19952.0 216.0 96.0 the
13088.0 19948.0 616.0 116.0 squadron
13796.0 19940.0 216.0 100.0 will
14108.0 19940.0 136.0 100.0 be

11540.0 20100.0 360.0 112.0 doing
11996.0 20096.0 324.0 96.0 their
12412.0 20088.0 428.0 100.0 stunts.
12940.0 20088.0 316.0 96.0 This
13360.0 20084.0 108.0 96.0 is
13564.0 20080.0 472.0 96.0 believed
14124.0 20080.0 124.0 92.0 to

11536.0 20236.0 144.0 96.0 be
11768.0 20240.0 216.0 92.0 the
12080.0 20232.0 272.0 96.0 first
12436.0 20228.0 596.0 120.0 squadron
13132.0 20224.0 144.0 92.0 in
13372.0 20220.0 312.0 96.0 Utah
13764.0 20220.0 120.0 92.0 to
13956.0 20216.0 288.0 96.0 form

11536.0 20368.0 716.0 100.0 themselves
12336.0 20364.0 256.0 100.0 into
12680.0 20384.0 64.0 76.0 a
12836.0 20356.0 536.0 100.0 musical
13464.0 20352.0 776.0 120.0 organization.

11536.0 20508.0 324.0 120.0 They
11952.0 20504.0 240.0 96.0 will
12288.0 20504.0 208.0 96.0 not
12580.0 20500.0 140.0 96.0 be
12812.0 20500.0 132.0 92.0 in
13036.0 20492.0 648.0 96.0 sufficient
13760.0 20488.0 484.0 116.0 training

11536.0 20644.0 128.0 100.0 to
11768.0 20644.0 520.0 120.0 perform
12384.0 20640.0 124.0 92.0 at
12600.0 20640.0 212.0 92.0 the
12908.0 20628.0 780.0 120.0 department
13776.0 20640.0 408.0 76.0 conven-

11536.0 20784.0 264.0 96.0 tion
11952.0 20784.0 132.0 92.0 at
12232.0 20776.0 608.0 104.0 Richfield,
13004.0 20768.0 492.0 116.0 August
13644.0 20760.0 596.0 100.0 15th-17th.

11536.0 20920.0 456.0 116.0 Cyprus
12076.0 20916.0 280.0 96.0 Post
12432.0 20912.0 196.0 96.0 No.
12708.0 20912.0 168.0 104.0 38,
12964.0 20908.0 136.0 100.0 at
13188.0 20908.0 436.0 116.0 Magna
13700.0 20900.0 272.0 96.0 have
14044.0 20916.0 140.0 100.0 ap-

11552.0 21056.0 320.0 120.0 plied
12000.0 21052.0 192.0 96.0 for
12316.0 21072.0 68.0 76.0 a
12504.0 21048.0 608.0 116.0 squadron
13252.0 21044.0 464.0 92.0 charter
13824.0 21036.0 216.0 96.0 and
14164.0 21036.0 92.0 96.0 If

11548.0 21200.0 272.0 112.0 past
11944.0 21184.0 1104.0 124.0 accomplishments
13180.0 21200.0 216.0 76.0 are
13512.0 21192.0 220.0 100.0 any
13836.0 21172.0 360.0 96.0 indica-

11544.0 21336.0 264.0 96.0 tion
11928.0 21328.0 128.0 96.0 of
12184.0 21328.0 464.0 116.0 Cyprus,
12768.0 21320.0 624.0 116.0 Bingham
13512.0 21312.0 224.0 96.0 and
13844.0 21312.0 404.0 96.0 Jordan

11532.0 21468.0 240.0 100.0 will
11864.0 21468.0 308.0 96.0 have
12264.0 21468.0 128.0 92.0 to
12480.0 21464.0 256.0 112.0 step
12824.0 21460.0 372.0 112.0 lively
13296.0 21456.0 144.0 92.0 to
13524.0 21472.0 436.0 96.0 surpass
14040.0 21448.0 200.0 96.0 the

11536.0 21608.0 428.0 116.0 Magna
12048.0 21604.0 440.0 96.0 bunch.
12568.0 21600.0 308.0 96.0 That
12960.0 21592.0 380.0 120.0 lively
13416.0 21592.0 308.0 96.0 little
13792.0 21588.0 248.0 96.0 Post
14120.0 21584.0 120.0 96.0 at

11536.0 21744.0 416.0 96.0 Tooele
12072.0 21744.0 300.0 92.0 have
12480.0 21736.0 304.0 100.0 their
12900.0 21736.0 632.0 116.0 squadron
13648.0 21724.0 592.0 116.0 organized,

11532.0 21880.0 612.0 116.0 squadron
12212.0 21896.0 268.0 100.0 caps
12540.0 21872.0 716.0 120.0 purchased,
13328.0 21868.0 240.0 96.0 and
13632.0 21868.0 260.0 92.0 with
13952.0 21868.0 292.0 92.0 their

11540.0 22020.0 364.0 96.0 white
12004.0 22020.0 360.0 116.0 pants
12460.0 22016.0 228.0 96.0 and
12792.0 22008.0 392.0 96.0 shirts
13292.0 22004.0 588.0 100.0 decorated
13972.0 22004.0 276.0 96.0 with

11536.0 22156.0 348.0 96.0 black
11976.0 22156.0 316.0 96.0 belts
12368.0 22152.0 272.0 112.0 they
12720.0 22172.0 228.0 72.0 can
13040.0 22144.0 300.0 96.0 take
13424.0 22144.0 304.0 96.0 their
13800.0 22140.0 444.0 96.0 daddies

11576.0 22296.0 412.0 92.0 drums
12080.0 22288.0 236.0 96.0 and
12400.0 22288.0 392.0 116.0 bugles
12880.0 22288.0 256.0 92.0 and
13228.0 22288.0 360.0 88.0 drum
13664.0 22280.0 212.0 96.0 and
13952.0 22276.0 332.0 116.0 bugle

11536.0 22432.0 208.0 96.0 the
11808.0 22432.0 372.0 96.0 heads
12248.0 22428.0 156.0 96.0 off
12464.0 22432.0 208.0 92.0 the
12732.0 22428.0 360.0 92.0 other
13156.0 22424.0 652.0 116.0 squadrons
13868.0 22424.0 116.0 92.0 of
14040.0 22424.0 200.0 96.0 the

11536.0 22568.0 348.0 96.0 state.
11956.0 22568.0 252.0 96.0 The
12272.0 22564.0 292.0 96.0 local
12628.0 22568.0 628.0 112.0 squadron
13332.0 22560.0 124.0 96.0 of
13524.0 22560.0 200.0 96.0 the
13780.0 22556.0 100.0 96.0 S.
13940.0 22556.0 116.0 100.0 O.
14124.0 22556.0 116.0 100.0 L.

11536.0 22704.0 216.0 96.0 has
11840.0 22704.0 304.0 96.0 been
12224.0 22700.0 156.0 100.0 all
12456.0 22720.0 516.0 76.0 summer
13056.0 22700.0 152.0 92.0 in
13292.0 22716.0 72.0 76.0 a
13444.0 22696.0 300.0 96.0 state
13808.0 22692.0 116.0 100.0 of
13992.0 22716.0 192.0 76.0 sus-

11536.0 22840.0 468.0 120.0 pended
12132.0 22836.0 680.0 100.0 animation.
12936.0 22836.0 272.0 96.0 The
13336.0 22828.0 496.0 120.0 Legion's
13940.0 22852.0 244.0 76.0 com-

11532.0 22976.0 428.0 96.0 mittee
12024.0 22976.0 128.0 100.0 to
12220.0 22972.0 464.0 100.0 contact
12744.0 22972.0 220.0 92.0 the
13024.0 22972.0 624.0 116.0 squadron
13704.0 22968.0 200.0 96.0 has
13960.0 22968.0 280.0 96.0 been

11532.0 23112.0 132.0 96.0 ill
11748.0 23112.0 300.0 100.0 with
12128.0 23108.0 508.0 116.0 sleeping
12716.0 23108.0 584.0 96.0 sickness.
13384.0 23108.0 244.0 92.0 The
13692.0 23108.0 548.0 116.0 squadron

11532.0 23252.0 452.0 92.0 officers
12088.0 23248.0 296.0 96.0 have
12480.0 23264.0 316.0 76.0 come
12896.0 23264.0 184.0 100.0 up
13188.0 23244.0 208.0 96.0 for
13496.0 23244.0 168.0 96.0 air
13748.0 23240.0 212.0 96.0 and
14052.0 23260.0 192.0 80.0 are

11536.0 23404.0 260.0 76.0 now
11880.0 23388.0 360.0 112.0 ready
12316.0 23388.0 128.0 92.0 to
12520.0 23384.0 432.0 96.0 deliver
13036.0 23376.0 792.0 120.0 membership
13900.0 23380.0 336.0 96.0 cards.

11536.0 23524.0 112.0 96.0 It
11724.0 23528.0 104.0 92.0 is
11896.0 23520.0 392.0 120.0 hoped
12356.0 23524.0 204.0 96.0 the
12624.0 23520.0 304.0 96.0 local
12996.0 23520.0 628.0 120.0 squadron
13684.0 23516.0 212.0 96.0 will
13960.0 23516.0 280.0 96.0 have

11540.0 23660.0 320.0 96.0 their
11968.0 23660.0 356.0 96.0 drum
12424.0 23656.0 228.0 96.0 and
12756.0 23656.0 376.0 116.0 bugle
13248.0 23668.0 336.0 104.0 corps
13680.0 23652.0 560.0 112.0 organized

11536.0 23800.0 240.0 96.0 and
11864.0 23800.0 348.0 112.0 ;eady
12272.0 23796.0 132.0 96.0 to
12464.0 23796.0 720.0 116.0 participate
13264.0 23792.0 136.0 92.0 in
13468.0 23792.0 200.0 92.0 the
13736.0 23788.0 240.0 100.0 1936
14044.0 23788.0 128.0 100.0 de-

11536.0 23936.0 616.0 116.0 partment
12216.0 23936.0 416.0 120.0 parade
12692.0 23936.0 140.0 92.0 ln
12896.0 23932.0 276.0 96.0 Salt
13244.0 23928.0 308.0 96.0 Lake
13616.0 23928.0 272.0 116.0 City,
13944.0 23924.0 232.0 116.0 Aug-

11532.0 24072.0 240.0 112.0 ust,
11856.0 24072.0 316.0 100.0 1936.

12932.0 24200.0 188.0 100.0 W.
13196.0 24200.0 120.0 96.0 J.
13384.0 24196.0 716.0 108.0 BARDSLEY,

12368.0 24340.0 792.0 104.0 Commander
13228.0 24340.0 480.0 96.0 District
13764.0 24336.0 180.0 96.0 No.
14004.0 24328.0 96.0 100.0 3.

11552.0 24664.0 700.0 208.0 Retail
12328.0 24664.0 692.0 204.0 Prices
13108.0 24660.0 252.0 200.0 of

12340.0 24928.0 540.0 204.0 Food
12964.0 24924.0 516.0 236.0 July
13560.0 24928.0 164.0 236.0 2,
13804.0 24928.0 444.0 204.0 1935

11676.0 25332.0 652.0 96.0 Consumer
12388.0 25332.0 268.0 96.0 food
12724.0 25332.0 392.0 116.0 prices
13188.0 25324.0 216.0 96.0 fell
13472.0 25340.0 208.0 84.0 one
13736.0 25344.0 180.0 100.0 per
13976.0 25328.0 264.0 100.0 cent

11480.0 25448.0 16.0 104.0 1
11544.0 25468.0 444.0 120.0 during
12080.0 25468.0 228.0 96.0 two
12396.0 25464.0 364.0 96.0 weeks
12848.0 25464.0 412.0 96.0 ended
13360.0 25464.0 272.0 116.0 July
13716.0 25464.0 240.0 112.0 2nd,
14048.0 25472.0 204.0 96.0 the

11540.0 25604.0 476.0 92.0 Bureau
12088.0 25604.0 124.0 96.0 of
12692.0 25604.0 640.0 92.0 statlstlC8
13396.0 25512.0 384.0 188.0 ot'the
13836.0 25604.0 408.0 100.0 Uwced

11540.0 25740.0 400.0 96.0 States
12036.0 25740.0 756.0 116.0 Department
12884.0 25740.0 140.0 96.0 of
13124.0 25736.0 388.0 96.0 Labor
13600.0 25748.0 648.0 96.0 announced

11532.0 25880.0 364.0 112.0 today
11988.0 25872.0 660.0 116.0 (Tuesday.)

11684.0 26012.0 152.0 96.0 At
11912.0 26012.0 220.0 96.0 the
12200.0 26016.0 456.0 112.0 present
12728.0 26008.0 304.0 96.0 level
13120.0 26008.0 320.0 100.0 121.8
13528.0 26008.0 708.0 120.0 (1913100,)

11540.0 26148.0 216.0 100.0 the
11824.0 26152.0 488.0 92.0 current
12376.0 26152.0 332.0 92.0 index
12780.0 26148.0 104.0 92.0 is
12960.0 26144.0 252.0 96.0 11.1
13288.0 26148.0 508.0 116.0 percent
13856.0 26148.0 392.0 120.0 higher

11004.0 26288.0 844.0 96.0 "-"-"than
11952.0 26308.0 68.0 72.0 a
12120.0 26304.0 264.0 80.0 year
12476.0 26308.0 240.0 76.0 aeo.
12812.0 26288.0 84.0 92.0 T

11536.0 26288.0 312.0 96.0 than
11952.0 26308.0 68.0 72.0 a
12120.0 26304.0 264.0 96.0 year
12472.0 26308.0 244.0 92.0 ago.
12812.0 26284.0 268.0 96.0 The
13184.0 26288.0 508.0 92.0 advance
13776.0 26288.0 116.0 92.0 ln
13980.0 26292.0 268.0 96.0 food

16084.0 2828.0 816.0 152.0 NUMBER
16956.0 2844.0 204.0 164.0 27,

14456.0 3200.0 520.0 220.0 Geo.
15076.0 3220.0 324.0 232.0 yv.
15484.0 3224.0 1292.0 232.0 Lambourne

15204.0 3484.0 460.0 216.0 Dies
15740.0 3500.0 232.0 196.0 In
16064.0 3504.0 1136.0 220.0 California

14572.0 3868.0 264.0 104.0 The
14948.0 3880.0 568.0 124.0 startling
15604.0 3912.0 292.0 80.0 news
15996.0 3920.0 252.0 76.0 was
16360.0 3912.0 500.0 100.0 received
16944.0 3912.0 236.0 104.0 this

14428.0 4016.0 588.0 116.0 morning
15100.0 4028.0 276.0 96.0 that
15440.0 4040.0 248.0 88.0 Geo.
15760.0 4040.0 148.0 92.0 W.
15980.0 4036.0 796.0 124.0 Lambourne,
16836.0 4060.0 268.0 112.0 presi-

14424.0 4144.0 292.0 100.0 dent
14872.0 4164.0 144.0 84.0 of
15164.0 4164.0 212.0 96.0 the
15496.0 4168.0 264.0 96.0 Park
15892.0 4172.0 340.0 104.0 Utah
16388.0 4184.0 784.0 112.0 Consolidated

14424.0 4276.0 400.0 104.0 Mines
14952.0 4312.0 608.0 88.0 company,
15660.0 4304.0 220.0 96.0 had
15992.0 4316.0 296.0 84.0 died
16408.0 4324.0 536.0 76.0 fiurlrlpnlv
17052.0 4332.0 112.0 68.0 In

14416.0 4416.0 208.0 88.0 Los
14708.0 4424.0 544.0 112.0 Angeles
15324.0 4440.0 276.0 92.0 from
15668.0 4460.0 148.0 76.0 an
15888.0 4448.0 364.0 100.0 heart
16340.0 4456.0 432.0 104.0 attack.

14556.0 4552.0 232.0 104.0 Mr.
14920.0 4564.0 728.0 104.0 Lambourne
15748.0 4580.0 232.0 96.0 had
16104.0 4584.0 328.0 100.0 been
16548.0 4596.0 336.0 120.0 ailing
16988.0 4596.0 184.0 100.0 for

14408.0 4688.0 176.0 96.0 six
14656.0 4704.0 420.0 96.0 weeks
15144.0 4712.0 296.0 108.0 past,
15504.0 4712.0 192.0 96.0 but
15756.0 4720.0 532.0 116.0 nothing
16352.0 4728.0 140.0 92.0 of
16556.0 4752.0 144.0 72.0 an
16760.0 4740.0 336.0 88.0 alurm-

14412.0 4824.0 204.0 112.0 ing
14704.0 4840.0 480.0 92.0 nature
15268.0 4864.0 216.0 72.0 was
15556.0 4852.0 516.0 100.0 dreamed
16164.0 4860.0 180.0 96.0 of.
16432.0 4864.0 244.0 96.0 The
16744.0 4872.0 352.0 108.0 gentle-

14404.0 4976.0 288.0 84.0 man
14800.0 4972.0 268.0 96.0 had
15172.0 4976.0 288.0 96.0 been
15544.0 4984.0 112.0 96.0 In
15744.0 4988.0 204.0 96.0 Los
16044.0 4992.0 532.0 116.0 Angeles
16664.0 5008.0 324.0 96.0 about
17080.0 5028.0 76.0 80.0 a

14408.0 5108.0 496.0 96.0 month.
15020.0 5112.0 280.0 100.0 Mrs.
15396.0 5116.0 700.0 108.0 Lambourne
16212.0 5136.0 240.0 88.0 left
16552.0 5140.0 232.0 96.0 Suit
16872.0 5144.0 288.0 96.0 Lake

14400.0 5228.0 128.0 100.0 to
14616.0 5236.0 288.0 116.0 Join
14996.0 5244.0 228.0 100.0 her
15304.0 5252.0 504.0 100.0 husband
15892.0 5260.0 216.0 92.0 ten
16196.0 5268.0 312.0 112.0 days
16588.0 5292.0 224.0 96.0 ago.

14540.0 5368.0 148.0 100.0 In
14760.0 5376.0 240.0 100.0 the
15068.0 5392.0 464.0 108.0 passing
15584.0 5392.0 112.0 92.0 of
15752.0 5396.0 208.0 96.0 Mr.
16020.0 5396.0 788.0 124.0 Lambourne,
16864.0 5404.0 284.0 108.0 Park

14404.0 5504.0 272.0 120.0 City
14792.0 5512.0 340.0 100.0 loses
15240.0 5540.0 216.0 76.0 one
15544.0 5528.0 116.0 92.0 of
15760.0 5532.0 156.0 92.0 its
16020.0 5536.0 424.0 100.0 oldest
16552.0 5548.0 216.0 92.0 ard
16860.0 5552.0 292.0 92.0 most

14404.0 5648.0 396.0 96.0 active
14880.0 5656.0 488.0 116.0 mining
15440.0 5668.0 592.0 108.0 operators.

14536.0 5780.0 384.0 104.0 Since
15052.0 5796.0 268.0 92.0 1890
15424.0 5796.0 184.0 100.0 Mr.
15708.0 5796.0 776.0 108.0 Lambourne
16580.0 5808.0 196.0 96.0 has
16868.0 5808.0 284.0 104.0 been

14408.0 5916.0 452.0 124.0 closely
14992.0 5928.0 612.0 100.0 identified
15708.0 5940.0 284.0 92.0 with
16112.0 5944.0 496.0 112.0 mining
16708.0 5948.0 116.0 92.0 in
16920.0 5948.0 244.0 96.0 this

14404.0 6056.0 540.0 100.0 district.
15080.0 6064.0 172.0 96.0 He
15376.0 6072.0 708.0 96.0 commenced
16224.0 6100.0 144.0 72.0 as
16496.0 6080.0 660.0 116.0 timekeeper

14392.0 6196.0 124.0 88.0 at
14612.0 6196.0 240.0 92.0 the
14956.0 6196.0 312.0 120.0 Daly
15356.0 6204.0 308.0 108.0 West,
15756.0 6208.0 224.0 92.0 and
16084.0 6212.0 360.0 96.0 since
16532.0 6216.0 252.0 96.0 that
16868.0 6220.0 280.0 92.0 time

14392.0 6320.0 152.0 100.0 he
14636.0 6328.0 248.0 96.0 has
14980.0 6332.0 312.0 100.0 been
15372.0 6340.0 188.0 96.0 the
15640.0 6344.0 472.0 112.0 moving
16204.0 6348.0 364.0 116.0 spirit
16656.0 6356.0 112.0 88.0 ln
16844.0 6356.0 304.0 92.0 what

14400.0 6460.0 96.0 92.0 is
14564.0 6480.0 292.0 80.0 now
14928.0 6472.0 236.0 96.0 the
15232.0 6476.0 304.0 116.0 great
15592.0 6476.0 276.0 96.0 Park
15932.0 6480.0 352.0 104.0 Utah
16360.0 6484.0 792.0 108.0 Consolidated

14396.0 6612.0 660.0 108.0 company.

14532.0 6732.0 224.0 100.0 His
14860.0 6740.0 392.0 100.0 death
15344.0 6764.0 344.0 76.0 comes
15776.0 6768.0 124.0 76.0 as
15992.0 6768.0 80.0 76.0 a
16168.0 6752.0 352.0 116.0 great
16604.0 6756.0 324.0 96.0 shock
17012.0 6756.0 136.0 100.0 to

14384.0 6868.0 188.0 96.0 his
14640.0 6880.0 676.0 96.0 associates
15376.0 6888.0 208.0 92.0 and
15644.0 6888.0 120.0 92.0 to
15824.0 6888.0 528.0 96.0 citizens
16424.0 6896.0 120.0 92.0 of
16604.0 6896.0 184.0 96.0 the
16844.0 6892.0 300.0 96.0 state

14392.0 7000.0 128.0 100.0 in
14616.0 7012.0 552.0 112.0 general.

14528.0 7144.0 96.0 92.0 A
14692.0 7148.0 564.0 100.0 detailed
15324.0 7152.0 464.0 100.0 account
15848.0 7152.0 128.0 96.0 of
16040.0 7156.0 244.0 96.0 Mr.
16352.0 7156.0 792.0 100.0 Lambourne's

14396.0 7272.0 220.0 100.0 life
14744.0 7288.0 276.0 88.0 and
15148.0 7288.0 548.0 92.0 activities
15808.0 7292.0 240.0 88.0 will
16180.0 7292.0 168.0 96.0 be
16468.0 7296.0 312.0 112.0 given
16884.0 7296.0 272.0 96.0 next

14392.0 7408.0 364.0 96.0 week.
14852.0 7416.0 280.0 96.0 The
15212.0 7420.0 412.0 96.0 Record
15696.0 7440.0 508.0 80.0 mourns
16296.0 7428.0 204.0 92.0 his
16580.0 7428.0 420.0 116.0 passing

14400.0 7560.0 132.0 76.0 as
14600.0 7548.0 308.0 100.0 does
14992.0 7552.0 224.0 96.0 the
15284.0 7560.0 676.0 112.0 community
16048.0 7560.0 144.0 92.0 in
16280.0 7564.0 488.0 108.0 general.

14412.0 7820.0 616.0 216.0 First
15108.0 7836.0 896.0 232.0 Meeting
16080.0 7844.0 260.0 192.0 of

15168.0 8096.0 436.0 244.0 City
15696.0 8100.0 880.0 208.0 Council
16668.0 8108.0 504.0 204.0 Held

14540.0 8488.0 280.0 104.0 The
14912.0 8492.0 260.0 124.0 city
15252.0 8500.0 424.0 96.0 council
15756.0 8500.0 280.0 100.0 held
16128.0 8504.0 180.0 96.0 its
16392.0 8508.0 268.0 96.0 first
16728.0 8508.0 432.0 120.0 August

14404.0 8628.0 576.0 124.0 meeting
15108.0 8636.0 228.0 96.0 last
15448.0 8640.0 320.0 116.0 night
15884.0 8640.0 324.0 100.0 with
16332.0 8644.0 388.0 120.0 Mayor
16824.0 8648.0 96.0 96.0 J.
17028.0 8648.0 140.0 104.0 A.

14400.0 8764.0 452.0 104.0 Tallon
14952.0 8772.0 616.0 120.0 presiding,
15648.0 8772.0 232.0 100.0 and
15964.0 8776.0 796.0 104.0 Oouncilmen
16828.0 8780.0 332.0 120.0 Hays,

14396.0 8904.0 420.0 112.0 Olsen,
14900.0 8908.0 572.0 104.0 Tessman
15536.0 8912.0 220.0 100.0 and
15824.0 8912.0 384.0 124.0 Derry
16288.0 8920.0 672.0 120.0 responding
17028.0 8920.0 132.0 100.0 to

14388.0 9040.0 220.0 96.0 roll
14684.0 9044.0 300.0 100.0 call.

14532.0 9176.0 280.0 100.0 The
14884.0 9180.0 544.0 100.0 minutes
15492.0 9180.0 116.0 100.0 of
15668.0 9188.0 572.0 120.0 previous
16308.0 9192.0 500.0 120.0 meeting
16868.0 9208.0 284.0 84.0 were

14384.0 9316.0 292.0 100.0 read
14752.0 9320.0 272.0 100.0 and
15096.0 9320.0 580.0 120.0 approved,
15740.0 9344.0 128.0 76.0 as
15936.0 9324.0 352.0 100.0 read.

15192.0 9492.0 268.0 96.0 Bills
15536.0 9496.0 220.0 96.0 and
15840.0 9492.0 640.0 100.0 Accounts

14528.0 9656.0 284.0 100.0 The
14896.0 9660.0 604.0 120.0 following
15568.0 9660.0 256.0 100.0 bills
15900.0 9664.0 256.0 100.0 and
16252.0 9668.0 548.0 100.0 accounts
16868.0 9688.0 284.0 84.0 were

14380.0 9796.0 328.0 104.0 read,
14784.0 9800.0 336.0 96.0 oked
15188.0 9800.0 224.0 96.0 and
15468.0 9800.0 452.0 100.0 ordered
15992.0 9804.0 368.0 116.0 paid:

14384.0 9928.0 716.0 124.0 Municipal
15164.0 9940.0 720.0 116.0 Corporation
15948.0 9960.0 248.0 100.0 pay
16268.0 9940.0 232.0 100.0 roll
16572.0 9940.0 564.0 116.0 .$1,170.43

14384.0 10068.0 416.0 96.0 Water
14888.0 10076.0 752.0 116.0 Department
15716.0 10092.0 220.0 100.0 pay
16016.0 10080.0 252.0 96.0 roll

16784.0 10080.0 352.0 100.0 166.00

14384.0 10204.0 656.0 104.0 Tri-State
15128.0 10212.0 472.0 96.0 Lumber
15676.0 10216.0 160.0 96.0 Co

14376.0 10344.0 104.0 96.0 J.
14568.0 10344.0 136.0 100.0 F.
14804.0 10348.0 840.0 120.0 Cunningham
15720.0 10352.0 104.0 96.0 &
15916.0 10352.0 336.0 100.0 Sons

14372.0 10480.0 568.0 104.0 Kimball
15040.0 10488.0 440.0 96.0 Service
15552.0 10488.0 460.0 96.0 Station
16124.0 10552.0 36.0 40.0 .
16204.0 10556.0 40.0 36.0 .
16280.0 10556.0 36.0 32.0 .

16900.0 10216.0 240.0 100.0 9.61

16836.0 10352.0 296.0 96.0 16.30

16832.0 10492.0 296.0 96.0 10.09

16884.0 10624.0 240.0 100.0 6.22

16888.0 10760.0 240.0 100.0 4.80

16884.0 10896.0 236.0 100.0 2.19

16828.0 11032.0 292.0 96.0 14.90

16824.0 11168.0 300.0 96.0 31.80

14368.0 10620.0 336.0 96.0 Utah
14800.0 10620.0 416.0 100.0 Power
15292.0 10624.0 100.0 96.0 &
15464.0 10624.0 324.0 120.0 Light
15868.0 10628.0 212.0 96.0 Co.
16192.0 10688.0 116.0 40.0 ..

14372.0 10760.0 464.0 96.0 Senate
14960.0 10760.0 296.0 96.0 Cafe

14364.0 10892.0 780.0 116.0 Remington
15224.0 10896.0 312.0 96.0 Rand
15612.0 10896.0 632.0 120.0 Company

14368.0 11028.0 452.0 108.0 Welsh.
14896.0 11036.0 500.0 92.0 Drlscoll
15460.0 11036.0 92.0 92.0 &
15620.0 11032.0 320.0 100.0 Buck

14368.0 11164.0 828.0 96.0 Waterworks
15260.0 11164.0 676.0 124.0 Equipment
16020.0 11168.0 224.0 100.0 Co.

14376.0 11300.0 552.0 96.0 Peerless
15052.0 11304.0 312.0 96.0 Utah
15468.0 11308.0 584.0 112.0 Company
16824.0 11304.0 300.0 96.0 21.66

14372.0 11432.0 360.0 100.0 Paull
14816.0 11436.0 344.0 100.0 Bros.
15232.0 11440.0 100.0 96.0 &
15396.0 11444.0 404.0 92.0 Wilson
16888.0 11436.0 236.0 100.0 4.09

14368.0 11568.0 168.0 96.0 W.
14620.0 11572.0 120.0 96.0 J.
14832.0 11576.0 376.0 112.0 Berry
16884.0 11572.0 60.0 96.0 6
16984.0 11576.0 136.0 96.0 30

14368.0 11708.0 572.0 96.0 Ormand
15044.0 11712.0 356.0 96.0 Killer
16824.0 11708.0 296.0 96.0 26.50

14368.0 11840.0 360.0 116.0 Petty
14848.0 11848.0 332.0 92.0 Cash
16820.0 11844.0 300.0 96.0 53.30

14372.0 11980.0 428.0 96.0 Curtis
14936.0 11984.0 564.0 92.0 Sorenson
16764.0 11980.0 356.0 100.0 150.00

14364.0 12116.0 340.0 96.0 Utah
14800.0 12116.0 416.0 96.0 Power
15292.0 12116.0 100.0 96.0 &
15460.0 12116.0 328.0 112.0 Light
15868.0 12116.0 172.0 96.0 Co
16756.0 12116.0 356.0 96.0 126.55

14364.0 12252.0 316.0 96.0 Park
14768.0 12252.0 648.0 116.0 Plumbing
15484.0 12252.0 296.0 116.0 Shop
16876.0 12252.0 236.0 96.0 8.48

14360.0 12388.0 572.0 96.0 Summit
15000.0 12392.0 440.0 96.0 Service
15492.0 12392.0 452.0 96.0 Station
16752.0 12388.0 356.0 96.0 131.00

14356.0 12524.0 220.0 100.0 Mt.
14648.0 12528.0 440.0 100.0 States
15152.0 12528.0 220.0 100.0 Tel.
15432.0 12528.0 92.0 100.0 &
15580.0 12528.0 228.0 96.0 Tel.
15876.0 12528.0 180.0 96.0 Co
16804.0 12524.0 300.0 96.0 34.35

14488.0 12796.0 384.0 100.0 Total
16588.0 12792.0 512.0 112.0 $2,000.57

15116.0 12964.0 244.0 120.0 City
15424.0 12964.0 432.0 96.0 Ofiicers
15932.0 12964.0 532.0 120.0 Keports

14500.0 13104.0 300.0 116.0 City
14916.0 13104.0 456.0 96.0 Justice
15456.0 13104.0 96.0 96.0 J.
15640.0 13104.0 116.0 100.0 C,
15860.0 13100.0 428.0 100.0 Green
16384.0 13096.0 492.0 124.0 reported
16968.0 13096.0 136.0 100.0 32

14352.0 13244.0 464.0 92.0 arrests
14948.0 13244.0 136.0 92.0 in
15196.0 13240.0 280.0 116.0 July.
15576.0 13240.0 332.0 92.0 Fines
16028.0 13240.0 580.0 96.0 collected
16708.0 13236.0 388.0 112.0 $64.00.

14352.0 13380.0 276.0 112.0 City
14772.0 13376.0 540.0 96.0 Marshal
15424.0 13376.0 536.0 116.0 McGarry
16096.0 13372.0 552.0 120.0 reported
16752.0 13372.0 352.0 100.0 street

14348.0 13516.0 328.0 96.0 work
14820.0 13516.0 328.0 92.0 done
15264.0 13512.0 388.0 112.0 during
15768.0 13512.0 332.0 120.0 July.
16244.0 13512.0 560.0 96.0 Collected
16912.0 13512.0 184.0 92.0 for

14348.0 13648.0 400.0 96.0 dance
14836.0 13652.0 532.0 116.0 permits,
15436.0 13648.0 388.0 108.0 $10.50.

14488.0 13788.0 296.0 116.0 City
14936.0 13788.0 432.0 96.0 Sexton
15480.0 13784.0 496.0 116.0 Murphy
16124.0 13784.0 536.0 116.0 reported
16772.0 13784.0 328.0 92.0 three

14344.0 13924.0 460.0 96.0 deaths
14932.0 13928.0 140.0 92.0 in
15184.0 13924.0 288.0 120.0 July.
15568.0 13920.0 744.0 100.0 Collections
16420.0 13920.0 176.0 96.0 for
16692.0 13916.0 408.0 100.0 month

14344.0 14060.0 456.0 112.0 $61.50.

15124.0 14224.0 640.0 100.0 Permission
15852.0 14224.0 572.0 96.0 Granted

14496.0 14360.0 100.0 100.0 A
14792.0 14364.0 984.0 96.0 communication
15956.0 14384.0 264.0 72.0 was
16396.0 14360.0 256.0 96.0 read
16800.0 14352.0 308.0 100.0 from

14360.0 14500.0 704.0 96.0 Chairman
15156.0 14504.0 296.0 92.0 John
15536.0 14500.0 604.0 92.0 Simmons
16240.0 14492.0 136.0 100.0 of
16460.0 14492.0 196.0 96.0 the
16732.0 14488.0 312.0 100.0 enter-

14360.0 14636.0 664.0 96.0 tainment
15104.0 14636.0 628.0 92.0 committee
15812.0 14632.0 132.0 96.0 of
16024.0 14632.0 240.0 92.0 the
16344.0 14628.0 284.0 100.0 local
16692.0 14628.0 424.0 92.0 Miners

14356.0 14776.0 464.0 104.0 Union,
14904.0 14772.0 180.0 104.0 99,
15156.0 14792.0 216.0 72.0 was
15432.0 14764.0 440.0 120.0 present
15944.0 14764.0 152.0 96.0 to
16172.0 14764.0 220.0 96.0 ask
16460.0 14764.0 652.0 116.0 permission

14360.0 14916.0 132.0 88.0 to
14592.0 14908.0 568.0 96.0 conduct
15244.0 14928.0 64.0 76.0 a
15384.0 14908.0 348.0 92.0 Labor
15816.0 14904.0 268.0 116.0 Day
16188.0 14900.0 676.0 96.0 celebration
16948.0 14916.0 168.0 84.0 on

14356.0 15044.0 744.0 116.0 September
15180.0 15044.0 244.0 96.0 2nd.
15500.0 15040.0 228.0 96.0 The
15804.0 15040.0 520.0 116.0 request
16404.0 15056.0 212.0 76.0 was
16684.0 15032.0 356.0 100.0 unani-

14352.0 15184.0 504.0 116.0 mously
14988.0 15180.0 492.0 116.0 granted,
15588.0 15176.0 224.0 96.0 and
15936.0 15176.0 272.0 116.0 city
16324.0 15172.0 484.0 96.0 recorder
16912.0 15168.0 128.0 96.0 in-

14348.0 15320.0 584.0 100.0 structed
15000.0 15320.0 136.0 96.0 to
15204.0 15316.0 348.0 116.0 notify
15616.0 15312.0 720.0 96.0 committee
16400.0 15312.0 120.0 92.0 of
16576.0 15324.0 320.0 80.0 same.

15248.0 15484.0 292.0 96.0 More
15608.0 15484.0 232.0 92.0 Red
15920.0 15476.0 396.0 100.0 Paint

14488.0 15620.0 568.0 100.0 Marshal
15180.0 15624.0 516.0 112.0 McGarry
15824.0 15640.0 256.0 72.0 was
16224.0 15608.0 620.0 100.0 instructed
16968.0 15608.0 140.0 100.0 to

14340.0 15764.0 632.0 116.0 purchase
15048.0 15760.0 320.0 120.0 paint
15428.0 15760.0 116.0 92.0 to
15608.0 15752.0 588.0 120.0 brighten
16268.0 15768.0 172.0 104.0 up
16504.0 15752.0 188.0 96.0 the
16748.0 15764.0 284.0 80.0 num-

14344.0 15920.0 368.0 76.0 erous
14796.0 15900.0 260.0 116.0 city
15128.0 15892.0 564.0 120.0 hydrants.

15268.0 16064.0 240.0 96.0 New
15584.0 16056.0 704.0 100.0 Ordinance

14484.0 16204.0 200.0 96.0 An
14780.0 16196.0 752.0 104.0 amendment
15608.0 16196.0 124.0 100.0 to
15812.0 16200.0 268.0 112.0 city
16172.0 16192.0 660.0 100.0 ordinances
16908.0 16208.0 128.0 76.0 re-

14340.0 16340.0 412.0 116.0 lating
14824.0 16344.0 148.0 92.0 to
15040.0 16340.0 212.0 96.0 fire
15312.0 16356.0 460.0 96.0 escapes,
15836.0 16352.0 260.0 72.0 was
16164.0 16332.0 284.0 96.0 read
16508.0 16328.0 212.0 96.0 and
16776.0 16344.0 260.0 100.0 pass-

14352.0 16480.0 180.0 104.0 ed,
14664.0 16480.0 276.0 96.0 and
15064.0 16476.0 440.0 96.0 ordered
15612.0 16468.0 500.0 124.0 printed
16240.0 16468.0 136.0 96.0 in
16484.0 16468.0 224.0 96.0 The
16804.0 16464.0 304.0 96.0 Park

14336.0 16612.0 528.0 96.0 Record.

14484.0 16752.0 372.0 92.0 After
14948.0 16744.0 620.0 116.0 discussing
15640.0 16736.0 532.0 100.0 matters
16256.0 16736.0 632.0 120.0 pertaining
16964.0 16732.0 136.0 96.0 to

14340.0 16884.0 756.0 112.0 sanitation,
15196.0 16884.0 448.0 96.0 licenses
15744.0 16880.0 256.0 96.0 and
16116.0 16880.0 396.0 108.0 water,
16604.0 16872.0 212.0 100.0 and
16912.0 16888.0 124.0 76.0 re-

14340.0 17020.0 484.0 116.0 ferring
14896.0 17044.0 320.0 72.0 same
15272.0 17024.0 120.0 92.0 to
15440.0 17032.0 396.0 104.0 proper
15904.0 17012.0 772.0 108.0 committees,
16732.0 17024.0 304.0 80.0 coun-

14344.0 17160.0 156.0 92.0 cil
14596.0 17160.0 696.0 116.0 adjourned
15364.0 17156.0 300.0 96.0 until
15740.0 17152.0 508.0 112.0 August
16336.0 17148.0 288.0 96.0 15th.

14360.0 17436.0 856.0 208.0 Miners
15288.0 17436.0 740.0 236.0 Union,
16120.0 17436.0 392.0 196.0 No.
16592.0 17436.0 208.0 200.0 99

14700.0 17712.0 908.0 236.0 Prepare
15668.0 17708.0 308.0 196.0 To
16064.0 17700.0 1060.0 208.0 Celebrate

14496.0 18112.0 452.0 96.0 Under
15044.0 18112.0 204.0 96.0 the
15336.0 18108.0 504.0 116.0 auspices
15940.0 18104.0 148.0 96.0 of
16188.0 18100.0 220.0 100.0 the
16492.0 18104.0 268.0 96.0 Park
16848.0 18100.0 276.0 124.0 City

14356.0 18252.0 360.0 96.0 Mine
14836.0 18252.0 252.0 92.0 and
15184.0 18248.0 236.0 96.0 Mill
15504.0 18248.0 540.0 96.0 Workers
16148.0 18244.0 424.0 108.0 Union,
16664.0 18244.0 184.0 92.0 No.
16948.0 18244.0 188.0 108.0 99,

14368.0 18384.0 980.0 100.0 entertainment
15480.0 18380.0 744.0 108.0 committee,
16368.0 18376.0 772.0 124.0 preparations

14364.0 18544.0 208.0 76.0 are
14652.0 18540.0 296.0 76.0 now
15024.0 18520.0 332.0 116.0 going
15416.0 18520.0 492.0 92.0 forward
15984.0 18516.0 212.0 96.0 for
16268.0 18536.0 76.0 76.0 a
16408.0 18516.0 296.0 120.0 great
16760.0 18508.0 372.0 100.0 Labor

14356.0 18664.0 272.0 112.0 Day
14708.0 18656.0 756.0 96.0 celebration.

14504.0 18800.0 328.0 92.0 This
14908.0 18792.0 672.0 116.0 committee,
15648.0 18788.0 664.0 116.0 composed
16376.0 18788.0 120.0 100.0 of
16552.0 18788.0 188.0 92.0 Mr.
16804.0 18784.0 328.0 100.0 John

14360.0 18932.0 688.0 108.0 Simmons,
15160.0 18928.0 320.0 120.0 Clyde
15576.0 18928.0 456.0 112.0 Sanger
16152.0 18924.0 248.0 96.0 and
16496.0 18924.0 260.0 96.0 Jack
16852.0 18924.0 280.0 108.0 Cox,

14352.0 19092.0 212.0 76.0 are
14676.0 19088.0 292.0 76.0 now
15064.0 19064.0 360.0 116.0 busily
15508.0 19064.0 544.0 112.0 working
16156.0 19064.0 352.0 108.0 night
16592.0 19056.0 212.0 96.0 and
16892.0 19060.0 240.0 116.0 day

14356.0 19204.0 200.0 96.0 for
14656.0 19204.0 284.0 96.0 this
15032.0 19196.0 708.0 100.0 celebration.
15828.0 19196.0 136.0 96.0 It
16060.0 19196.0 112.0 96.0 is
16268.0 19200.0 208.0 92.0 the
16552.0 19192.0 588.0 96.0 intention

14352.0 19340.0 144.0 96.0 of
14572.0 19336.0 252.0 100.0 the
14908.0 19336.0 640.0 96.0 committee
15624.0 19336.0 128.0 96.0 to
15832.0 19332.0 292.0 116.0 give
16200.0 19328.0 296.0 100.0 Park
16564.0 19332.0 240.0 112.0 City
16876.0 19324.0 264.0 100.0 and

14348.0 19476.0 232.0 96.0 the
14696.0 19472.0 792.0 116.0 surrounding
15580.0 19468.0 588.0 116.0 territory
16272.0 19484.0 72.0 80.0 a
16436.0 19468.0 332.0 96.0 Labor
16860.0 19460.0 264.0 124.0 Day

14352.0 19612.0 780.0 96.0 celebration
15216.0 19612.0 116.0 92.0 to
15412.0 19608.0 136.0 96.0 be
15632.0 19604.0 836.0 100.0 remembered
16544.0 19604.0 164.0 96.0 for
16784.0 19616.0 348.0 104.0 years

14348.0 19748.0 136.0 100.0 to
14552.0 19764.0 416.0 80.0 come.

14504.0 19876.0 392.0 104.0 Some
14996.0 19876.0 128.0 100.0 of
15216.0 19872.0 192.0 100.0 the
15492.0 19872.0 700.0 120.0 highlights
16292.0 19872.0 124.0 96.0 of
16500.0 19872.0 224.0 96.0 this
16812.0 19868.0 244.0 100.0 cele-

14348.0 20016.0 536.0 96.0 bration
14952.0 20012.0 236.0 100.0 will
15248.0 20012.0 128.0 96.0 be
15436.0 20032.0 68.0 80.0 a
15560.0 20012.0 452.0 120.0 parade
16092.0 20016.0 144.0 92.0 in
16296.0 20008.0 204.0 96.0 the
16552.0 20008.0 568.0 116.0 morning,

14348.0 20152.0 680.0 124.0 composed
15116.0 20152.0 120.0 96.0 of
15308.0 20152.0 196.0 96.0 the
15580.0 20148.0 368.0 108.0 band,
16048.0 20144.0 436.0 108.0 Union,
16564.0 20144.0 560.0 96.0 fraternal

14352.0 20292.0 260.0 96.0 and
14764.0 20292.0 316.0 92.0 civic
15204.0 20284.0 900.0 116.0 organizations,
16252.0 20280.0 496.0 96.0 children
16872.0 20280.0 256.0 96.0 and

14352.0 20428.0 420.0 96.0 comic
14852.0 20428.0 660.0 104.0 characters,
15584.0 20420.0 240.0 96.0 and
15900.0 20416.0 628.0 116.0 following
16584.0 20416.0 192.0 96.0 the
16840.0 20432.0 224.0 104.0 par-

14352.0 20564.0 236.0 100.0 ade
14652.0 20564.0 272.0 96.0 will
14984.0 20580.0 308.0 80.0 come
15340.0 20564.0 196.0 92.0 the
15588.0 20560.0 584.0 92.0 business
16232.0 20552.0 368.0 100.0 floats.

14500.0 20696.0 180.0 100.0 At
14752.0 20696.0 240.0 100.0 the
15056.0 20696.0 228.0 120.0 city
15340.0 20692.0 224.0 100.0 ball
15628.0 20692.0 312.0 124.0 park
16012.0 20692.0 264.0 96.0 will
16340.0 20688.0 140.0 104.0 be
16536.0 20712.0 68.0 76.0 a
16656.0 20684.0 472.0 100.0 contest

14348.0 20840.0 132.0 96.0 of
14540.0 20836.0 472.0 120.0 sports,
15072.0 20852.0 392.0 96.0 among
15512.0 20832.0 336.0 96.0 these
15908.0 20832.0 264.0 92.0 will
16228.0 20828.0 148.0 96.0 be
16420.0 20828.0 192.0 96.0 the
14348.0 20820.0 2772.0 260.0 tug-of-war,

14776.0 20972.0 216.0 96.0 100
15100.0 20968.0 260.0 120.0 yard
15456.0 20968.0 324.0 104.0 dash,
15896.0 20984.0 348.0 100.0 open
16344.0 20964.0 168.0 96.0 for
16608.0 20960.0 520.0 96.0 Summit

14348.0 21100.0 536.0 128.0 county,
15008.0 21104.0 492.0 120.0 running
15608.0 21100.0 392.0 100.0 broad
16132.0 21100.0 372.0 120.0 Jump,
16608.0 21096.0 520.0 100.0 baseball

14348.0 21264.0 412.0 104.0 game,
14852.0 21244.0 244.0 92.0 and
15168.0 21260.0 324.0 96.0 many
15564.0 21240.0 356.0 96.0 other
16004.0 21236.0 560.0 100.0 features.

14496.0 21380.0 528.0 116.0 Ending
15096.0 21396.0 160.0 100.0 up
15328.0 21376.0 192.0 100.0 the
15604.0 21376.0 300.0 116.0 days
15992.0 21372.0 592.0 96.0 activities
16652.0 21360.0 224.0 108.0 will
16960.0 21364.0 168.0 100.0 be

14348.0 21540.0 72.0 80.0 a
14500.0 21520.0 372.0 96.0 band
14944.0 21512.0 448.0 100.0 concert
15456.0 21512.0 228.0 96.0 and
15756.0 21508.0 416.0 120.0 grand
16240.0 21504.0 268.0 100.0 ball.

14496.0 21656.0 336.0 96.0 This
14924.0 21652.0 636.0 96.0 committee
15644.0 21648.0 536.0 96.0 extends
16264.0 21644.0 128.0 96.0 to
16468.0 21640.0 140.0 100.0 all
16680.0 21636.0 216.0 100.0 out
16980.0 21632.0 148.0 100.0 of

14352.0 21788.0 364.0 100.0 town
14804.0 21784.0 568.0 100.0 residents
15440.0 21780.0 308.0 100.0 their
15828.0 21784.0 496.0 92.0 sincere
16396.0 21776.0 212.0 96.0 and
16680.0 21772.0 452.0 96.0 cordial

14348.0 21928.0 604.0 96.0 welcome
15036.0 21924.0 124.0 96.0 to
15236.0 21920.0 272.0 96.0 Park
15588.0 21920.0 276.0 116.0 City
15956.0 21920.0 152.0 96.0 to
16196.0 21912.0 536.0 100.0 celebrate
16804.0 21912.0 316.0 96.0 with

14348.0 22084.0 164.0 80.0 us
14592.0 22056.0 288.0 104.0 this
14952.0 22056.0 356.0 104.0 Labor
15368.0 22056.0 264.0 120.0 Day.

15784.0 22184.0 368.0 104.0 TOM
16228.0 22184.0 124.0 100.0 P.
16428.0 22180.0 540.0 112.0 COSTAS,

14664.0 22328.0 1324.0 124.0 Secretary-Treasurer,
16068.0 22328.0 432.0 92.0 Miners
16560.0 22316.0 412.0 104.0 Union.

14724.0 22576.0 604.0 208.0 Move
15388.0 22580.0 268.0 196.0 To
15732.0 22576.0 492.0 200.0 Salt
16288.0 22568.0 520.0 200.0 Lake

14500.0 22900.0 244.0 96.0 Mr.
14832.0 22896.0 244.0 100.0 and
15144.0 22896.0 244.0 96.0 Mrs.
15452.0 22900.0 380.0 92.0 Elmer
15908.0 22892.0 144.0 96.0 C.
16132.0 22888.0 228.0 96.0 Lee
16420.0 22888.0 216.0 100.0 and
16692.0 22880.0 432.0 124.0 family

14360.0 23036.0 244.0 96.0 left
14740.0 23036.0 208.0 100.0 for
15060.0 23036.0 232.0 92.0 Salt
15392.0 23032.0 292.0 96.0 Lake
15796.0 23024.0 744.0 116.0 Wednesday
16636.0 23024.0 120.0 96.0 of
16860.0 23024.0 276.0 96.0 this

14356.0 23172.0 396.0 108.0 week,
14864.0 23172.0 372.0 92.0 where
15320.0 23164.0 264.0 116.0 they
15684.0 23164.0 252.0 96.0 will
16056.0 23160.0 148.0 100.0 ln
16304.0 23164.0 376.0 96.0 future
16772.0 23164.0 364.0 96.0 make

14352.0 23312.0 356.0 96.0 their
14788.0 23304.0 388.0 100.0 home.
15244.0 23304.0 196.0 96.0 Mr.
15504.0 23304.0 220.0 92.0 Lee
15796.0 23300.0 252.0 92.0 has
16132.0 23296.0 372.0 100.0 leased
16572.0 23320.0 68.0 76.0 a
16704.0 23316.0 428.0 76.0 corner

14360.0 23460.0 516.0 104.0 grocery
14976.0 23440.0 424.0 96.0 located
15484.0 23460.0 156.0 76.0 on
15740.0 23432.0 240.0 100.0 the
16080.0 23456.0 416.0 76.0 corner
16576.0 23436.0 116.0 96.0 of
16780.0 23436.0 364.0 100.0 Fifth

14352.0 23584.0 308.0 100.0 East
14764.0 23580.0 260.0 96.0 and
15112.0 23576.0 304.0 100.0 Fifth
15496.0 23572.0 440.0 112.0 South,
16044.0 23576.0 256.0 96.0 and
16384.0 23572.0 220.0 100.0 will
16684.0 23592.0 456.0 100.0 engage

14352.0 23724.0 140.0 96.0 in
14568.0 23720.0 240.0 92.0 the
14884.0 23732.0 440.0 96.0 grocery
15380.0 23708.0 588.0 100.0 business.
16048.0 23712.0 128.0 96.0 It
16248.0 23716.0 96.0 92.0 is
16404.0 23712.0 320.0 120.0 likely
16784.0 23712.0 192.0 96.0 for
17056.0 23732.0 84.0 76.0 a

14348.0 23860.0 364.0 104.0 time,
14796.0 23848.0 136.0 100.0 at
15000.0 23848.0 312.0 108.0 least,
15376.0 23848.0 200.0 96.0 Mr.
15640.0 23848.0 244.0 100.0 Lee
15952.0 23848.0 268.0 96.0 will
16288.0 23852.0 380.0 96.0 return
16728.0 23848.0 132.0 100.0 to
16928.0 23852.0 212.0 96.0 his

14348.0 23992.0 356.0 96.0 work
14796.0 23988.0 140.0 96.0 Bt
15012.0 23988.0 204.0 96.0 the
15284.0 23988.0 548.0 104.0 Alliance,
15928.0 23988.0 268.0 96.0 and
16276.0 23988.0 252.0 100.0 Mrs.
16596.0 23988.0 208.0 96.0 Lee
16876.0 23984.0 264.0 104.0 will

14344.0 24128.0 300.0 96.0 look
14736.0 24124.0 332.0 96.0 after
15132.0 24124.0 200.0 96.0 the
15396.0 24124.0 608.0 96.0 business.

14500.0 24264.0 400.0 92.0 Their
14992.0 24260.0 308.0 120.0 place
15380.0 24260.0 120.0 100.0 of
15584.0 24264.0 600.0 96.0 business
16268.0 24260.0 100.0 96.0 is
16448.0 24280.0 144.0 76.0 an
16660.0 24256.0 192.0 100.0 old
16940.0 24280.0 140.0 76.0 es-

14348.0 24400.0 656.0 96.0 tablished
15068.0 24400.0 312.0 104.0 store,
15444.0 24400.0 236.0 96.0 and
15744.0 24400.0 384.0 92.0 there
16192.0 24396.0 104.0 96.0 is
16356.0 24416.0 304.0 100.0 every
16708.0 24412.0 436.0 76.0 reason

14344.0 24536.0 144.0 96.0 to
14580.0 24532.0 516.0 120.0 believe,
15172.0 24536.0 200.0 100.0 the
15440.0 24556.0 260.0 76.0 new
15780.0 24552.0 496.0 80.0 owners
16352.0 24532.0 208.0 100.0 will
16636.0 24532.0 344.0 96.0 make
17064.0 24552.0 84.0 72.0 a

14344.0 24692.0 524.0 76.0 success
14940.0 24672.0 128.0 96.0 of
15136.0 24672.0 288.0 96.0 their
15492.0 24672.0 568.0 108.0 venture,
16140.0 24668.0 240.0 100.0 and
16444.0 24668.0 224.0 96.0 this
16736.0 24668.0 104.0 96.0 is
16904.0 24668.0 236.0 96.0 the

14356.0 24808.0 528.0 96.0 earnest
14988.0 24808.0 292.0 124.0 hope
15364.0 24808.0 120.0 100.0 of
15580.0 24812.0 344.0 96.0 their
16032.0 24824.0 364.0 100.0 many
16484.0 24800.0 276.0 100.0 Park
16860.0 24804.0 292.0 116.0 City

14352.0 24948.0 556.0 96.0 friends.

14348.0 25248.0 592.0 116.0 dropped
15012.0 25244.0 156.0 96.0 2.1
15236.0 25264.0 184.0 96.0 per
15480.0 25248.0 312.0 88.0 cent.
15872.0 25240.0 324.0 92.0 This
16260.0 25260.0 220.0 72.0 was
16540.0 25240.0 196.0 92.0 the
16800.0 25244.0 344.0 84.0 most

14348.0 25384.0 576.0 116.0 striking
15028.0 25380.0 412.0 116.0 change
15540.0 25380.0 132.0 92.0 ln
15776.0 25376.0 320.0 92.0 food
16204.0 25376.0 348.0 116.0 prices
16644.0 25376.0 120.0 92.0 ln
16864.0 25372.0 280.0 96.0 this

14356.0 25520.0 496.0 124.0 period.
14968.0 25516.0 176.0 100.0 All
15252.0 25516.0 320.0 92.0 items
15684.0 25512.0 140.0 92.0 in
15952.0 25512.0 244.0 92.0 the
16300.0 25512.0 344.0 92.0 meats
16748.0 25528.0 392.0 96.0 group

14356.0 25664.0 468.0 108.0 except
14912.0 25652.0 340.0 96.0 sliced
15332.0 25652.0 264.0 92.0 ham
15688.0 25644.0 260.0 96.0 and
16052.0 25644.0 376.0 96.0 bacon
16508.0 25644.0 392.0 96.0 shared
16992.0 25644.0 152.0 96.0 In

14352.0 25796.0 288.0 96.0 this
14712.0 25788.0 640.0 96.0 downward
15408.0 25780.0 744.0 100.0 movement.

14512.0 25924.0 432.0 92.0 Prices
15128.0 25920.0 264.0 96.0 used
15572.0 25924.0 136.0 92.0 in
15920.0 25912.0 796.0 116.0 constructing
16904.0 25912.0 236.0 96.0 the

14360.0 26056.0 640.0 120.0 weighted
15096.0 26056.0 320.0 96.0 index
15508.0 26076.0 196.0 76.0 are
15800.0 26048.0 396.0 96.0 based
16292.0 26072.0 292.0 96.0 upon
16668.0 26048.0 480.0 116.0 reports

14356.0 26200.0 348.0 72.0 frnm
14812.0 26192.0 160.0 80.0 nil
15064.0 26192.0 308.0 80.0 tvnps
15452.0 26192.0 124.0 80.0 nf
15656.0 26188.0 384.0 84.0 rptall
16132.0 26188.0 272.0 84.0 food
16476.0 26184.0 420.0 88.0 dealers
16988.0 26184.0 156.0 88.0 in

14360.0 26332.0 128.0 76.0 Ki
14596.0 26328.0 300.0 80.0 ritle
15032.0 26328.0 216.0 80.0 and
15316.0 26344.0 320.0 64.0 rnver
15700.0 26324.0 724.0 84.0 Quotations
16484.0 26344.0 136.0 64.0 on
16684.0 26320.0 132.0 88.0 48
16888.0 26320.0 252.0 88.0 im-
