3716 4783
132 268 538 99 Editorial

121 456 123 80 Tip
276 470 68 46 at
377 460 111 59 the
520 474 113 69 top

170 569 37 22 All
228 568 27 24 of
275 569 144 29 Cambridge
439 576 44 17 can
502 571 30 22 be
548 573 81 26 proud
645 573 28 23 of

130 604 42 22 the
200 604 48 26 tall,
278 604 49 23 soft
339 606 94 26 spoken
463 611 56 17 man
549 606 64 23 from
641 607 33 23 26

132 638 89 23 Russell
238 642 28 20 st.
283 638 39 23 On
337 639 117 28 Monday,
469 640 53 23 that
536 647 67 17 same
617 648 56 17 man

129 673 57 23 who
202 679 43 17 can
263 673 140 28 frequently
421 675 31 22 be
468 680 56 18 seen
541 676 76 29 doing
632 677 42 23 the

129 708 93 28 weekly
236 714 100 22 grocery
348 708 121 30 shopping
481 708 37 25 for
530 710 37 24 his
577 710 96 30 family,

129 743 71 23 made
217 743 16 23 it
248 746 27 20 to
289 743 43 23 the
346 747 43 24 top
403 743 26 23 of
444 744 43 23 the
501 746 130 23 mountain
645 746 28 23 of

130 776 54 25 U.S.
196 778 186 28 parliamentary
394 784 91 22 power.

170 811 44 30 Tip
228 812 115 24 O'Neill's
353 814 120 22 elevation
486 817 27 20 to
523 814 43 23 the
576 820 59 22 post
645 816 28 23 of

129 847 113 28 Majority
265 847 88 23 Leader
372 847 22 23 in
411 847 43 23 the
471 847 54 25 U.S.
546 849 82 24 House
645 851 28 23 of

130 880 210 29 Representatives
372 888 49 17 was
452 886 45 19 not
529 884 98 28 exactly
659 891 14 17 a

127 917 111 26 surprise,
260 917 42 22 but
322 917 92 22 neither
431 923 49 17 was
499 917 16 23 it
531 919 141 29 something

128 950 79 23 which
217 956 70 17 came
296 950 77 23 about
384 950 59 24 with
456 950 62 26 little
528 952 86 24 effort.

171 983 50 23 The
247 982 78 24 effort
353 985 109 26 spanned
492 985 26 23 11
548 989 76 21 terms
650 988 22 22 in

130 1017 117 29 Congress
268 1018 86 28 during
373 1019 80 23 which
474 1020 30 22 he
523 1020 87 28 gained
631 1022 42 23 the

130 1056 110 24 respect
278 1053 56 22 and
372 1053 162 24 confidence
570 1055 28 24 of
636 1056 37 24 his

128 1086 143 28 colleagues,
285 1091 59 17 even
359 1087 72 21 those
443 1087 60 23 who
512 1093 65 17 were
586 1093 34 17 on
632 1091 42 20 the

129 1122 114 28 opposite
271 1123 52 24 side
351 1124 28 23 of
406 1124 43 24 the
478 1125 109 26 political
617 1125 48 23 and

711 573 176 28 philosophical
901 573 71 24 fence
983 573 64 24 from
1059 574 58 24 him.

752 607 90 28 During
874 608 72 22 those
976 614 76 22 years,
1085 609 30 23 he
1143 609 109 28 showed,

710 647 88 23 among
817 642 72 23 other
910 642 86 28 things,
1017 649 13 17 a
1048 644 35 22 lot
1099 643 27 24 of
1144 644 107 28 political

708 679 55 25 guts
785 674 53 24 One
852 675 28 24 of
894 677 43 22 the
947 677 76 28 prime
1034 679 125 26 examples
1169 684 49 17 was
1230 678 22 23 in

712 710 65 23 1966
811 711 71 22 when
917 711 31 23 he
979 712 77 22 broke
1087 719 68 21 away
1187 712 64 24 from

711 745 103 28 Lyndon
850 745 114 24 Johnson
1001 752 34 17 on
1070 747 41 22 the
1144 754 49 16 war
1229 748 22 22 in

710 780 120 23 Vietnam.
845 779 63 24 That
922 787 49 16 was
984 784 45 20 not
1043 781 42 23 the
1099 781 153 25 fashionable

709 814 68 28 thing
788 818 26 19 to
824 814 35 24 do
868 818 26 20 at
905 815 43 23 the
958 814 66 25 time.

751 848 35 24 He
807 849 16 23 is
842 850 116 27 reported
978 854 27 19 to
1022 851 60 23 have
1098 851 93 28 quoted
1211 853 41 22 the

709 883 47 23 late
775 883 55 24 Sam
850 883 124 29 Rayburn,
992 884 92 24 former
1101 885 106 28 Speaker
1224 886 27 24 of

708 917 42 23 the
765 918 89 27 House,
866 918 23 23 in
901 919 37 24 his
948 923 148 25 acceptance
1106 921 96 27 speech.
1217 922 34 23 He

706 952 51 24 said
775 952 30 23 he
817 954 84 23 would
916 954 31 23 be
959 959 13 17 a
1211 956 40 24 We

707 987 92 23 believe
812 988 31 23 he
852 994 46 17 can
910 989 31 23 be
950 995 13 17 a
972 990 66 28 good
1049 995 57 21 one,
1118 990 109 30 building
1238 998 13 16 a

706 1028 61 18 new
807 1027 112 24 respect
959 1023 45 25 for
1044 1024 121 29 Congress
1202 1027 47 22 and

707 1057 141 29 reasserting
866 1058 29 23 its
912 1064 89 22 power.
1020 1058 51 24 Our
1089 1061 52 22 best
1155 1061 94 26 wishes,

706 1092 47 23 and
771 1092 71 23 those
858 1092 27 23 of
903 1093 43 23 the
961 1093 81 24 whole
1058 1094 59 28 city,
1134 1101 40 17 are
1190 1095 59 23 with

706 1126 57 23 him.

122 1207 184 56 Time
340 1206 128 56 For
532 1207 108 56 for
672 1207 321 77 Congress
1026 1217 67 45 to
1127 1224 107 40 act

162 1339 45 23 For
221 1339 41 23 the
275 1339 92 23 second
378 1339 60 23 time
451 1339 23 23 in
485 1339 57 24 four
553 1339 108 26 months,

120 1374 41 23 the
171 1373 138 29 possibility
321 1374 80 23 looms
411 1374 54 23 that
477 1374 41 23 the
529 1374 75 28 tragic
614 1374 48 23 and

118 1409 115 23 senseless
246 1409 86 22 horror
343 1409 76 22 called
431 1409 44 22 the
485 1409 114 22 Vietnam
610 1409 51 22 War

119 1444 46 22 will
176 1443 55 23 end.

160 1478 50 23 The
234 1478 51 22 halt
309 1477 23 23 in
355 1478 42 22 the
419 1478 102 23 massive
543 1478 119 28 bombing

118 1513 78 23 above
229 1512 42 23 the
302 1512 62 23 20th
395 1513 97 28 parallel
527 1512 22 23 in
583 1513 79 23 North

120 1547 111 24 Vietnam
249 1548 47 22 and
313 1546 43 24 the
372 1547 154 29 resumption
543 1546 28 25 of
588 1553 75 22 peace

120 1583 62 23 talks
195 1583 109 22 between
317 1581 92 24 former
420 1582 105 23 Harvard
538 1581 124 24 Professor

120 1619 80 26 Henry
222 1617 118 28 Kissinger
356 1617 48 23 and
424 1616 32 24 Le
473 1616 54 24 Due
543 1616 54 24 Tho
613 1617 49 22 this

118 1652 99 27 Sunday
237 1652 48 28 just
304 1651 78 29 might
402 1652 75 23 result
494 1652 23 23 in
534 1652 42 23 the
592 1657 71 18 cease

119 1687 53 23 fire
211 1692 39 18 we
286 1687 29 22 all
353 1692 65 17 were
454 1687 124 28 promised
618 1687 43 23 last

119 1721 144 27 November,
274 1721 67 29 prior
351 1724 27 20 to
389 1721 43 23 the
442 1721 115 24 election.

158 1755 75 24 Some
243 1757 89 27 people
341 1762 41 17 are
392 1759 45 20 not
449 1756 106 29 banking
566 1756 95 28 heavily

118 1795 32 19 on
168 1791 42 23 the
225 1794 119 20 outcome
360 1790 27 24 of
404 1791 43 23 the
461 1791 63 23 talks
539 1790 49 26 (see
602 1797 60 22 page

118 1825 57 26 one)
190 1826 47 23 and
251 1832 40 17 are
304 1825 106 29 pressing
425 1825 40 24 for
475 1825 185 29 Congressional

117 1859 83 25 action
214 1864 27 20 to
250 1860 48 23 end
310 1860 42 23 the
362 1866 56 18 war.
430 1859 73 24 Their
513 1860 119 28 cynicism
645 1860 18 24 is

117 1896 53 23 well
183 1894 118 25 founded.

158 1929 51 24 The
224 1929 103 24 Richard
343 1929 82 23 Nixon
438 1929 60 24 who
512 1930 18 23 is
543 1929 118 29 directing

118 1964 68 23 these
202 1964 165 29 negotiations
384 1964 19 23 is
419 1964 43 23 the
475 1970 66 18 same
556 1964 105 23 Richard

118 1999 81 23 Nixon
224 1999 58 23 who
307 1999 103 23 ordered
433 1999 44 23 the
499 1999 107 24 heaviest
628 1999 35 24 air

117 2033 96 24 attacks
226 2033 26 23 of
266 2033 43 23 the
318 2039 49 17 war
379 2033 135 23 December
528 2033 30 23 18
569 2033 64 23 after
645 2033 17 23 it

117 2068 97 23 seemed
231 2068 31 23 he
278 2073 49 18 was
344 2068 76 28 losing
437 2068 97 23 control
549 2073 57 18 over
621 2068 42 23 the

118 2105 119 21 outcome
256 2101 26 24 of
300 2102 42 23 the
358 2101 113 29 previous
488 2101 173 29 negotiations.

121 2133 197 29 Incidentally,
355 2135 31 22 he
423 2136 129 27 requested
590 2136 73 23 those

119 2168 112 28 previous
250 2169 64 23 talks
329 2169 62 23 after
408 2170 43 23 the
468 2169 52 24 first
538 2171 80 22 round
635 2171 28 23 of

120 2202 164 29 negotiations
307 2203 22 23 in
352 2202 110 25 October
485 2210 68 18 came
575 2204 86 24 within

120 2237 82 23 inches
236 2237 27 24 of
298 2238 135 29 producing
466 2245 14 16 a
513 2245 70 17 cease
618 2239 45 23 fire

118 2275 146 25 agreement.

162 2306 35 23 He
211 2307 17 23 is
242 2307 42 23 the
297 2314 66 16 same
377 2307 124 24 President
513 2308 82 23 Nixon
605 2309 58 23 who

120 2347 71 17 never
207 2342 122 23 bothered
342 2345 27 20 to
382 2342 98 27 explain
496 2343 22 22 in
532 2349 91 21 person
636 2347 27 19 to

119 2376 158 23 Americans
313 2376 56 28 why
405 2377 32 22 he
475 2378 102 22 ordered
616 2378 48 23 this

118 2409 126 29 bombing,
258 2410 81 23 which
353 2411 141 28 reportedly
505 2411 133 28 destroyed
649 2418 14 17 a

118 2444 105 28 hospital
246 2446 48 22 and
317 2445 71 23 other
411 2446 95 22 civilian
529 2449 90 25 targets
638 2453 25 17 as

117 2479 53 22 well
188 2485 24 17 as
230 2479 106 29 military
352 2483 96 25 targets,
468 2481 23 22 in
505 2481 62 23 their
582 2487 79 18 name.

117 2513 63 24 That
195 2514 57 24 kind
264 2514 27 24 of
301 2521 131 22 arrogance
444 2515 19 24 is
473 2516 166 29 unbecoming
649 2522 13 18 a

118 2548 79 24 leader
224 2550 22 22 in
268 2556 14 17 a
306 2550 160 28 Democracy.
490 2552 56 22 And
570 2550 18 24 if
610 2557 51 22 you

117 2583 72 24 don't
202 2590 54 18 care
268 2585 79 23 about
361 2585 60 25 that,
433 2586 113 23 consider
557 2586 57 23 this:
632 2586 30 24 19

702 1335 144 29 Cambridge
863 1336 64 28 boys
940 1337 60 23 have
1014 1338 47 22 lost
1076 1338 62 23 their
1152 1338 57 23 lives
1223 1338 23 22 in

703 1370 122 27 Vietnam;
840 1371 68 23 there
922 1377 40 18 are
971 1372 78 23 about
1064 1372 30 23 13
1105 1379 68 17 more
1184 1373 63 27 boys

701 1404 65 24 from
781 1405 48 25 this
838 1406 51 27 city
902 1406 24 23 in
936 1405 134 25 Southeast
1080 1407 56 26 Asia
1148 1413 65 17 now.
1227 1407 19 23 It

702 1443 84 23 would
812 1443 30 23 be
868 1443 54 23 nice
948 1447 26 20 to
999 1444 73 23 know
1094 1444 57 24 how
1174 1445 73 23 much

703 1476 86 29 longer
826 1478 59 27 they
923 1478 48 24 and
1008 1479 72 23 other
1118 1479 129 23 American

702 1513 128 26 personnel
842 1512 47 23 will
903 1513 30 23 be
944 1513 75 23 there.

743 1545 194 31 Cambridge
978 1548 57 23 and
1076 1548 49 24 the
1164 1548 83 24 other

700 1581 176 23 communities
911 1581 24 23 in
970 1583 42 22 the
1044 1581 104 26 United.
1166 1583 82 23 States

701 1616 99 23 deserve
816 1616 80 23 better
914 1616 64 24 from
993 1617 42 23 the
1050 1617 123 24 President
1187 1618 59 23 than

700 1650 67 23 what
779 1657 37 16 we
830 1651 60 23 have
905 1651 108 24 received
1028 1651 23 24 in
1064 1656 82 19 recent
1156 1653 89 23 weeks.

700 1685 40 23 We
765 1688 65 20 want
854 1685 50 24 him
928 1689 27 20 to
978 1687 40 22 tell
1042 1693 29 17 us
1093 1687 57 23 how
1173 1687 73 23 much

701 1720 83 28 longer
804 1720 30 23 he
853 1720 70 28 plans
943 1725 26 19 to
988 1722 121 23 continue
1128 1722 42 23 the
1188 1728 58 21 war,

700 1755 48 23 and
774 1761 36 17 we
835 1759 66 19 want
927 1755 37 24 his
989 1762 93 18 answer
1107 1760 27 20 to
1158 1757 32 23 be
1215 1763 31 17 an

700 1790 187 23 unconditional
979 1797 49 17 one
1042 1797 69 17 more

743 1824 59 28 Rep.
826 1824 108 24 Thomas
957 1824 22 25 P.
1004 1825 116 25 O'Neill's
1138 1826 107 23 election

700 1859 48 23 this
770 1859 67 23 week
861 1866 26 17 as
910 1859 114 29 Majority
1050 1861 90 23 L6ader
1161 1861 21 23 in
1204 1861 42 23 the

701 1893 54 24 U.S.
781 1894 81 24 House
884 1894 29 24 of
938 1894 210 28 Representatives
1169 1896 76 24 could

700 1928 57 29 help
776 1933 39 24 get
832 1929 54 23 that
902 1936 100 17 answer.
1022 1930 35 23 He
1074 1931 43 22 has
1133 1931 113 28 opposed

700 1963 42 23 the
779 1969 48 17 war
863 1964 68 23 since
967 1964 66 24 1966
1067 1966 48 22 and
1151 1965 23 23 in
1209 1966 37 22 his

699 2001 149 25 acceptance
864 1999 89 27 speech
971 1999 109 28 Monday
1099 1999 18 24 is
1129 2000 115 28 reported

699 2035 28 20 to
744 2032 60 24 have
820 2033 50 23 said
887 2033 90 28 ending
991 2033 42 24 the
1046 2040 49 17 war
1111 2034 17 23 is
1141 2034 37 24 his
1191 2033 54 25 first

700 2066 118 29 priority.
854 2066 53 25 The
945 2067 94 24 Boston
1077 2068 80 25 Globe
1193 2068 51 24 said

699 2101 150 28 yesterday
887 2102 55 23 that
981 2102 82 24 House
1101 2103 145 23 Democrats

699 2136 124 27 approved
847 2136 37 23 2-1
908 2143 13 16 a
942 2136 135 24 resolution
1098 2141 26 19 to
1143 2141 43 19 cut
1206 2137 39 23 off

700 2169 75 24 funds
791 2169 39 24 for
847 2170 42 23 the
905 2176 57 21 war,
979 2171 107 29 pending
1100 2172 43 22 the
1156 2173 90 22 release

699 2203 28 24 of
745 2203 54 24 U.S.
814 2204 123 28 prisoners
950 2206 47 22 and
1011 2212 30 16 an
1056 2206 148 28 accounting
1218 2206 28 24 of

699 2238 43 23 the
754 2239 104 28 missing.

740 2273 62 23 With
817 2274 37 23 his
865 2273 131 27 influence,
1008 2274 46 29 Tip
1065 2274 93 24 O'Neill
1169 2276 75 23 could

701 2307 80 24 insure
814 2308 54 23 that
903 2308 42 23 the
981 2308 144 25 Democrats
1159 2309 87 24 follow

700 2342 106 29 through
829 2348 33 17 on
886 2343 62 23 their
971 2343 144 27 resolution,
1134 2345 48 22 and
1203 2345 43 22 the

701 2381 66 18 news
786 2376 59 23 staff
865 2376 27 23 of
913 2377 42 22 the
974 2376 130 25 Chronicle
1121 2378 78 27 hopes
1215 2378 31 23 he

699 2409 47 23 will
759 2411 33 23 do
802 2416 36 18 so.
844 2407 12 16 A

710 2444 4 32 '
740 2444 64 24 That
833 2445 58 23 kind
920 2445 28 24 of
973 2446 93 30 action,
1091 2453 68 17 more
1185 2447 59 23 than

700 2478 154 25 Presidential
879 2479 125 29 promises,
1025 2487 79 17 seems
1123 2481 43 24 the
1185 2482 58 28 only

699 2520 53 22 way
779 2514 145 29 Cambridge
946 2515 47 24 and
1016 2516 44 22 the
1082 2519 47 21 rest
1152 2516 28 24 of
1202 2517 43 23 the

699 2552 106 25 country
825 2555 44 18 can
890 2550 32 23 be
940 2556 54 17 sure
1013 2550 55 24 that
1089 2551 40 23 the
1146 2552 98 22 terrible

699 2588 74 19 waste
784 2584 27 24 of
823 2584 56 24 lives
889 2585 61 23 ends
962 2585 22 23 in
996 2585 123 23 Vietnam.

113 2641 245 58 Willow
388 2640 209 60 Street
628 2643 217 59 letters

153 2746 53 24 The
218 2746 125 28 swapping
356 2745 27 24 of
399 2746 81 22 letters
491 2746 113 22 between
616 2745 42 23 the

113 2781 56 28 City
193 2781 112 29 Manager
326 2780 48 23 and
397 2780 42 23 the
461 2780 124 23 chairman
609 2779 48 23 and

112 2816 59 24 vice
206 2815 125 24 chairman
367 2815 28 23 of
432 2814 43 24 the
512 2814 147 28 Cambridge

115 2851 108 28 Housing
239 2850 135 28 Authority
392 2855 57 18 over
466 2849 42 24 the
520 2849 94 23 Willow
627 2852 29 19 st.

115 2885 103 28 housing
234 2885 94 28 project
344 2885 83 22 would
445 2885 31 22 be
489 2883 79 28 funny
583 2883 19 23 if
616 2883 42 23 the

115 2920 52 23 fate
186 2919 87 24 of-the
294 2920 47 22 low
362 2919 96 23 income
475 2918 103 28 housing
594 2923 65 18 were

116 2957 45 21 not
171 2958 24 19 at
206 2954 76 23 stake.

160 2989 19 22 It
193 2988 18 23 is
223 2991 24 20 at
261 2988 77 26 stake,
349 2988 120 26 however,
480 2994 26 16 as
515 2988 53 22 well
580 2993 27 17 as
617 2986 42 24 the

117 3022 82 25 future
216 3022 136 28 possibility
370 3022 53 23 that
437 3022 78 23 banks
527 3022 47 23 will
589 3021 70 28 again

117 3057 118 30 provide
275 3057 54 23 low
368 3057 109 23 interest
515 3057 68 23 loans
620 3055 40 23 for

116 3091 171 25 construction
315 3090 28 25 of
370 3090 90 25 similar
489 3091 47 23 low
562 3090 98 23 income

117 3126 85 28 family
214 3126 113 28 projects.

158 3160 51 24 The
231 3160 104 28 housing
357 3160 95 28 project
475 3160 42 22 has
535 3160 62 23 been
619 3159 42 23 the

115 3202 73 17 cause
202 3195 27 24 of
242 3201 14 17 a
270 3196 36 22 lot
320 3194 27 24 of
360 3194 145 24 frustration
519 3195 23 22 in
555 3194 44 23 the
609 3194 51 28 city

116 3237 58 17 over
206 3230 41 23 the
280 3231 44 21 last
355 3229 68 23 three
453 3235 76 22 years.
565 3229 18 23 It
612 3235 49 17 was

117 3265 159 29 sponsored
317 3265 33 27 by
387 3264 43 23 the
467 3264 80 23 Model
586 3263 75 24 Cities

118 3301 179 27 Development
320 3299 173 28 Corporation,
515 3305 33 17 on
571 3299 88 28 special

117 3334 201 29 dispensation
359 3333 73 24 from
474 3334 72 23 HUD
588 3332 74 26 (U.S.

119 3370 161 28 Department
308 3368 29 24 of
366 3368 107 28 Housing
501 3369 47 22 and
580 3368 81 23 Urban

118 3403 199 30 Development),
346 3407 27 21 to
401 3404 170 24 demonstrate
599 3405 58 23 how

116 3437 101 29 quickly
239 3436 47 23 low
306 3436 96 23 income
419 3436 103 28 housing
539 3436 75 23 could
632 3436 29 23 be

117 3469 71 24 built.

166 3508 18 23 It
201 3508 42 23 has
259 3508 62 23 been
338 3508 118 28 anything
471 3508 44 22 but
528 3507 74 28 quick
616 3507 49 23 and

120 3542 124 25 efficient.
283 3543 70 26 Now,
391 3542 42 23 the
471 3542 77 23 banks
584 3542 81 23 which

122 3578 116 29 provided
249 3584 14 17 a
272 3583 121 24 generous
402 3577 102 28 25-year
515 3577 55 23 loan
581 3580 25 20 at
619 3577 47 23 low

122 3613 99 23 interest
239 3616 26 20 to
282 3612 63 24 fund
362 3613 42 22 the
418 3612 103 28 project,
536 3617 55 22 may
606 3612 60 23 have

122 3652 27 19 to
170 3648 120 24 foreclose
309 3648 104 23 because
433 3647 60 28 they
512 3647 59 22 have
589 3647 47 22 lost
653 3653 13 16 a

120 3683 66 29 good
207 3683 51 23 deal
280 3682 27 24 of
327 3688 91 22 money
438 3682 48 23 and
506 3688 39 16 see
562 3687 34 18 no
611 3688 54 21 way

122 3718 59 28 they
207 3723 44 18 can
277 3718 73 23 make
374 3723 33 22 up
433 3717 42 23 the
499 3716 47 24 loss
567 3722 33 17 on
625 3716 41 23 the

122 3753 102 28 project.

164 3787 51 23 The
231 3786 138 28 possibility
385 3786 17 23 is
416 3786 54 23 that
485 3786 17 23 if
516 3786 42 23 the
571 3785 95 29 project

698 2749 55 17 ever
768 2742 18 24 is
798 2743 143 27 completed
952 2743 42 22 the
1005 2743 67 23 units
1081 2743 47 22 will
1141 2746 53 20 rent
1205 2742 39 24 for

699 2780 45 20 too
755 2777 56 29 high
821 2783 14 17 a
846 2777 66 28 price
923 2777 39 23 for
974 2777 47 23 low
1033 2777 96 23 income
1141 2777 104 24 families

700 2815 26 19 to
737 2818 57 22 pay.

736 2861 53 24 The
802 2861 66 25 CHA
878 2868 45 17 can
935 2866 100 24 prevent
1047 2862 48 24 this
1105 2863 33 28 by
1149 2862 92 30 signing

695 2902 14 18 a
738 2897 71 23 letter
837 2896 28 24 of
893 2896 81 24 intent
1002 2900 28 20 to
1055 2897 119 28 purchase
1200 2897 42 23 the

696 2930 95 29 project
805 2937 63 17 once
877 2937 71 17 some
957 2932 66 28 eight
1034 2931 158 23 deficiencies
1202 2937 40 17 are

695 2965 95 23 cleared
811 2972 40 21 up.
872 2965 63 23 That
957 2966 70 22 letter
1046 2972 49 17 was
1112 2966 129 28 requested

696 3000 33 27 by
759 2999 75 27 HUD,
863 3000 45 23 but
938 3000 42 22 the
1005 2999 65 24 CHA
1097 3000 76 23 board
1199 3000 43 23 has

697 3033 96 24 refused
805 3037 27 20 to
842 3034 59 23 send
915 3034 25 23 it.

738 3085 52 24 The
812 3087 136 28 Authority
970 3087 60 24 staff
1060 3088 120 27 however;
1201 3090 43 22 has

698 3121 61 22 been
776 3121 110 28 working
903 3125 28 19 to
947 3128 40 17 see
999 3123 66 23 what
1079 3123 105 28 changes
1196 3129 45 19 can

698 3155 29 23 be
741 3156 72 22 made
828 3156 22 22 in
864 3156 43 23 the
921 3157 93 27 project
1031 3157 22 22 in
1069 3158 47 23 line
1128 3158 60 23 with
1200 3158 42 23 the

698 3189 61 24 fund
772 3190 60 22 limit
842 3191 146 23 authorized
999 3193 33 26 by
1044 3191 76 25 HUD.

737 3224 40 23 We
791 3224 50 24 said
854 3225 21 22 in
887 3226 49 23 this
946 3227 100 22 column
1060 3227 137 23 November
1212 3228 30 23 16

698 3259 52 23 that
773 3259 43 23 the
837 3260 136 28 Authority
997 3267 55 23 may
1076 3262 31 23 be
1125 3262 116 30 enjoying

696 3299 69 17 some
787 3298 74 19 sweet
885 3301 100 22 revenge
1009 3297 22 21 in
1055 3297 121 28 watching
1200 3298 42 21 the

696 3334 117 22 sponsors
828 3329 27 23 of
874 3330 41 23 the
933 3330 93 28 project
1043 3332 79 26 panic.
1139 3332 41 22 We
1192 3331 47 24 still

696 3363 92 23 believe
817 3364 53 23 that
900 3365 18 23 is
947 3369 60 19 true.
1037 3365 71 24 After
1133 3367 39 25 all,
1200 3367 41 22 the

696 3398 92 23 Willow
810 3402 29 20 st.
861 3400 94 28 project
974 3407 49 16 was
1042 3402 133 22 conceived

696 3433 85 23 show
809 3434 40 22 the
875 3433 66 24 CHA
967 3435 56 22 how
1049 3439 27 20 to
1101 3436 68 23 build
1194 3436 47 23 low

697 3468 97 24 income
805 3468 112 29 housing.

738 3504 52 24 The
807 3505 71 23 letter
891 3504 28 25 of
935 3505 78 24 intent
1027 3509 28 20 to
1068 3506 119 27 purchase
1201 3506 42 23 the

698 3541 103 27 project,
819 3541 129 27 requested
966 3540 26 24 of
1009 3541 42 23 the
1068 3540 73 27 CHA,
1160 3541 84 22 makes

698 3575 42 23 the
753 3576 119 27 purchase
886 3576 144 27 contingent
1041 3582 34 17 on
1087 3576 41 22 the
1138 3576 105 27 clearing

698 3616 32 21 up
744 3609 28 24 of
786 3609 157 24 deficiencies
956 3610 79 24 which
1051 3611 42 22 the
1107 3610 135 28 Authority

698 3645 42 23 has
756 3645 103 23 claimed
876 3650 107 18 concern
1001 3645 46 23 for.
1065 3645 38 26 On
1121 3646 43 22 the
1180 3645 63 23 basis

697 3679 27 24 of
738 3680 63 26 that,
813 3680 41 23 the
864 3679 67 24 CHA
942 3680 43 23 has
995 3680 103 28 nothing
1110 3683 26 20 to
1148 3681 51 22 lose
1209 3681 33 27 by

697 3715 102 28 sending
825 3715 41 22 the
889 3715 79 25 letter,
991 3715 48 23 and
1061 3721 38 16 we
1121 3721 56 22 urge
1201 3715 42 22 the

697 3750 77 22 board
792 3749 122 23 members
931 3753 26 19 to
973 3750 34 22 do
1023 3755 28 19 so
1067 3753 25 19 at
1107 3750 61 22 their
1183 3753 59 19 next

698 3784 113 28 meeting.

117 3846 133 79 25

286 3909 107 34 years
412 3908 88 31 ago.

151 3963 81 22 (Taken
245 3963 56 19 from
314 3963 35 19 the
362 3962 45 20 filet
416 3961 26 21 of
449 3962 37 20 the

117 3993 144 22 Cambridge
295 3991 192 24 Chronicle-Son,

118 4021 90 23 January
218 4022 20 22 8,
250 4020 73 23 1948).

266 4071 16 3 -
292 4060 14 20 0
316 4069 17 5 -

153 4090 87 19 Edward
262 4088 19 21 J.
301 4090 95 22 Danehy,
416 4089 68 22 newly

118 4118 147 20 elected
308 4118 176 19 aaaiatant

118 4147 188 24 superintendent
339 4146 24 20 of
393 4147 92 21 schools,

118 4177 113 22 graduated
244 4175 55 20 from
313 4175 79 19 Boston
401 4175 84 24 College

120 4211 19 13 in
163 4205 54 19 1919
235 4205 50 17 with
302 4210 25 12 an
346 4205 16 17 A
374 4205 12 17 B
412 4206 73 21 degree

120 4237 40 18 and
174 4235 54 18 from
240 4235 17 18 M
269 4234 5 18 I
286 4234 16 19 T
320 4240 19 12 in
353 4234 52 19 1923
416 4234 50 18 with
477 4239 10 13 a

122 4264 43 19 BS.
197 4266 72 20 degree
308 4262 29 19 He
365 4263 64 22 began
457 4263 30 18 his

122 4294 96 22 teaching
227 4297 68 14 career
305 4292 20 17 in
335 4290 121 23 Cambridge
468 4297 21 12 as

122 4329 9 13 a
142 4323 46 22 high
200 4321 72 19 school
283 4320 57 19 math
351 4320 82 18 teacher

266 4375 15 4 -
290 4366 16 20 0
316 4375 17 5 -

153 4396 58 23 Atty.
225 4396 15 17 A
261 4394 56 20 John
330 4395 80 22 Scrino,
422 4395 25 20 of
456 4396 27 19 86

116 4424 133 23 Washington
282 4429 50 16 are.,
365 4425 35 19 has
429 4424 53 20 been

117 4453 74 18 named
203 4458 11 13 a
227 4454 82 22 partner
322 4452 24 21 of
356 4454 35 19 the
402 4453 80 20 Boston

117 4481 33 19 law
185 4481 46 19 firm
259 4481 23 19 of
309 4482 94 22 Putnam.
432 4483 50 23 Bell,

117 4508 6 20 I
196 4511 15 18 A
224 4509 80 25 Santry,

290 4540 14 20 0
315 4549 14 6 -

536 3963 55 19 The
628 3962 99 20 annual
762 3961 48 20 ball
844 3961 28 20 of

501 3992 130 23 Cambridge
663 3991 48 23 City
744 3990 126 24 Employees

504 4020 77 23 Union,
597 4020 63 19 Local
677 4019 48 24 19$,
739 4019 50 20 A.F.
805 4019 24 19 of
840 4019 31 24 L.,

503 4050 40 19 will
555 4050 26 18 be
593 4049 49 19 held
654 4051 116 16 tomorrow
783 4048 57 23 night
849 4050 21 16 at

503 4078 81 24 Cyprus
607 4078 51 19 Hall.
681 4077 43 20 The
746 4078 124 18 committee

504 4107 93 20 includes
626 4106 69 20 James
725 4105 21 20 F.
775 4106 96 22 Tierney,

504 4136 115 23 president;
647 4135 73 19 Walter
751 4135 119 21 McCusker,

503 4165 86 19 Walter
624 4164 25 19 T.
685 4164 81 23 Yorke,
798 4163 73 19 Walter

503 4193 132 23 Selfridge,
671 4193 47 19 Leo
751 4193 120 22 Campbell,

503 4223 83 18 Charles
607 4222 71 23 Black,
697 4222 91 18 Maurice
805 4221 65 20 Walsh

504 4252 39 18 and
553 4252 87 18 William
650 4250 21 19 F,
682 4251 90 19 Sulivan.

653 4289 17 4 -
679 4280 13 19 0
704 4289 16 4 -

538 4309 60 24 Capt.
616 4308 85 20 Edward
718 4308 14 19 E
757 4308 79 23 Kelley,
847 4307 26 20 of

506 4339 47 18 Rice
567 4342 16 14 st
596 4337 4 23 ,
612 4338 74 19 retired
698 4338 52 18 head
760 4337 25 19 of
795 4337 75 23 Engine

506 4367 19 21 4,
542 4367 123 22 Cambridge
684 4366 43 20 Fire
746 4367 71 22 Dept.,
831 4366 40 19 will

506 4396 24 19 be
546 4396 99 18 tendered
658 4401 9 12 a
682 4396 90 23 banquet
786 4401 28 12 on
826 4395 37 18 Jan

508 4425 23 20 15
548 4428 19 16 at
583 4426 35 17 the
634 4423 103 20 firehouse
760 4424 81 19 Francis
854 4424 8 19 J

506 4454 133 23 Harrington,
663 4453 24 19 of
712 4452 76 24 Engine
814 4454 21 20 4,
857 4459 14 12 is

504 4485 106 19 chairman
636 4481 44 21 Fire
697 4481 63 21 Chief
777 4481 54 20 John
849 4481 15 19 F

503 4513 79 21 Collins
593 4513 40 19 will
644 4513 24 19 be
678 4514 133 17 toastmaster

680 4540 14 21 0
705 4551 14 4 -

931 3959 88 20 Richard
1034 3959 7 19 i
1058 3959 80 23 Morris,
1150 3960 110 19 candidate

894 3989 35 19 for
949 3988 72 20 school
1041 3989 124 19 committee
1185 3991 19 16 at
1225 3989 35 19 the

894 4018 37 18 last
955 4018 43 22 city
1023 4017 100 22 election,
1148 4018 35 18 has
1209 4018 51 18 been

893 4046 116 24 appointed
1034 4047 24 19 to
1079 4047 36 19 the
1136 4046 124 23 Cambridge

892 4075 57 20 Civic
982 4074 65 24 Unity
1076 4074 136 20 Committee.
1243 4076 16 18 A

892 4104 87 19 student
1006 4106 20 17 at
1052 4103 98 23 Harvard,
1175 4104 25 19 he
1225 4104 35 19 has

894 4133 60 19 made
985 4138 11 13 a
1026 4133 63 22 study
1118 4132 26 19 of
1169 4132 91 22 juvenile

892 4161 141 24 delinquency
1044 4161 54 19 here.

931 4218 21 21 J.
988 4219 89 18 Robert
1111 4218 77 22 Huber,
1221 4217 39 19 988

898 4245 106 18 Memorial
1014 4245 38 22 dr.,
1063 4245 35 17 has
1108 4244 91 22 recently
1211 4244 49 18 been

896 4271 115 22 appointed
1035 4272 99 16 associate
1158 4269 102 23 professor

896 4296 25 19 of
939 4297 112 21 chemistry
1073 4298 18 16 at
1113 4295 147 19 Northeastern

897 4322 116 22 University

934 4347 99 19 Huber
1070 4347 109 24 joined
1219 4347 41 19 the

897 4373 150 20 Northeastern
1068 4373 78 23 faculty
1168 4379 20 12 in
1209 4373 51 19 1968

896 4407 21 12 as
932 4407 23 12 an
972 4401 94 18 assistant
1084 4400 104 22 professor
1209 4399 51 19 Prior

896 4429 24 16 to
934 4426 83 23 coming
1032 4428 22 17 to
1069 4426 157 21 Northeastern,
1238 4426 22 18 he

897 4459 40 12 was
952 4459 9 12 a
977 4452 92 19 research
1082 4455 100 15 associate
1195 4455 19 15 at
1228 4452 32 17 the

896 4479 63 18 Swiss
992 4478 85 19 Federal
1111 4478 96 19 Institute
1239 4477 21 20 of

896 4504 175 23 Technology
1108 4506 21 17 in
1165 4504 95 23 Zurich,

897 4528 133 21 Switzerland

1334 1074 53 20 FOR
1404 1073 160 20 RETARDED:
1581 1074 35 19 Dr.
1630 1073 79 24 Joseph
1724 1075 98 22 Neufeld.
1838 1075 83 22 Beverly
1937 1075 100 24 Graham,
2050 1076 107 20 chairman
2171 1076 25 20 of
2206 1077 37 19 the
2254 1076 129 21 Committee
2394 1083 30 14 on

1282 1106 117 19 Education
1419 1106 34 19 for
1471 1106 37 19 the
1528 1106 162 19 Massachusetts
1709 1107 134 18 Association
1862 1106 33 20 for
1912 1107 106 19 Retarded
2035 1107 107 23 Children,
2159 1108 108 20 Elizabeth
2285 1108 139 24 Gaanakakis,

1282 1138 115 22 supervisor
1420 1139 19 17 in
1462 1137 76 24 special
1560 1137 123 23 education.
1704 1138 60 19 Mass.
1787 1138 138 23 Department
1947 1139 24 18 of
1991 1139 118 19 Education
2129 1140 41 18 and
2189 1139 63 21 Merle
2272 1140 108 25 McClung,
2399 1141 25 19 of

1281 1169 131 24 Cambridge,
1427 1169 101 19 attended
1543 1169 131 22 symposium
1689 1169 116 23 sponsored
1820 1170 28 21 by
1862 1176 10 12 a
1886 1174 59 19 grant
1959 1169 56 20 from
2030 1170 35 19 the
2081 1171 60 19 Mass.
2157 1172 41 21 Bay
2214 1172 87 22 chapter
2315 1172 70 19 March
2399 1172 25 19 of

1282 1200 70 19 Dimes
1362 1204 23 15 to
1394 1202 78 17 discuss
1482 1201 50 23 legal
1543 1201 39 18 and
1593 1200 65 19 moral
1670 1201 63 22 rights
1742 1200 23 19 of
1775 1201 36 18 the
1821 1202 101 18 retarded.

1340 1282 252 77 Mail

1634 1344 83 28 from
1736 1355 61 17 our
1814 1347 130 28 readers

1281 1442 106 35 Who
1406 1442 41 38 is
1468 1442 82 38 this
1571 1442 144 38 Richard
1736 1444 154 36 Nixon?

1279 1513 80 23 Editor,
1368 1514 120 19 Chronicle:

1312 1542 52 19 Who
1373 1543 17 18 is
1399 1543 41 18 this
1450 1543 90 19 Richard
1551 1543 78 23 Nixon,
1639 1543 7 19 I

1278 1571 43 23 ask,
1343 1571 61 19 when
1424 1571 6 19 I
1451 1572 48 18 read
1519 1572 45 18 that
1585 1572 26 19 he
1630 1572 18 19 is

1279 1599 92 24 angry
1399 1601 87 19 because
1516 1600 68 20 Hanoi
1611 1601 36 19 has

1278 1629 73 19 shown
1366 1635 10 13 a
1392 1629 59 19 lack
1465 1628 25 20 of
1503 1628 145 21 seriousness

1277 1658 21 19 in
1316 1658 153 24 negotiations?
1486 1658 52 19 Who
1555 1659 51 18 does
1621 1659 25 18 he

1278 1686 60 19 think
1353 1687 25 19 he
1394 1686 27 20 is?
1437 1687 108 23 Almighty
1560 1687 48 20 God
1622 1687 26 20 of

1277 1715 36 20 the
1340 1715 40 20 Old
1408 1715 47 20 Test
1458 1719 71 16 ament
1533 1722 5 18 4
1565 1717 82 23 visiting

1278 1744 62 20 death
1357 1745 41 19 and
1415 1745 133 19 destruction
1564 1750 29 14 on
1610 1745 37 19 the

1278 1774 79 18 wicked
1370 1774 41 18 and
1423 1774 35 19 the
1469 1775 101 19 innocent
1580 1774 66 20 alike?

1312 1802 69 20 Those
1395 1802 25 20 of
1433 1808 27 17 us.
1469 1802 48 20 who
1530 1803 50 19 have
1593 1803 53 19 been

1277 1832 80 24 quietly
1378 1832 104 23 opposing
1502 1832 36 19 the
1556 1838 40 13 war
1613 1832 35 19 for

1277 1866 59 18 years
1363 1860 31 23 (in
1419 1861 162 20 Massachusetts
1604 1862 42 19 and

1277 1889 110 24 especially
1413 1890 21 19 in
1455 1890 136 24 Cambridge)
1613 1896 34 13 are

1277 1919 44 19 also
1331 1924 65 18 angry
1408 1919 41 19 and
1460 1924 58 19 very,
1526 1924 49 19 very
1585 1919 61 19 tired.

1278 1947 32 20 We
1328 1953 33 13 are
1378 1947 52 20 tired
1448 1947 25 20 of
1488 1948 108 25 repeating
1610 1949 36 18 the

1277 1982 55 14 same
1352 1976 131 20 self-evident
1502 1977 70 19 truths
1587 1977 59 24 again

1277 2006 40 19 and
1335 2006 66 23 again:
1421 2006 44 19 that
1480 2006 95 19 violence
1590 2006 58 19 leads

1277 2036 24 18 to
1315 2034 81 21 further
1408 2035 102 23 violence,
1523 2035 44 19 that
1580 2041 10 14 a
1603 2035 43 20 soft

1277 2069 79 14 answer
1375 2064 17 19 is
1411 2069 58 14 more
1488 2064 117 19 conducive
1623 2066 23 17 to

1278 2092 214 24 peace-negotiations
1504 2092 51 19 than
1564 2092 83 20 further

1276 2121 125 20 bloodshed.
1424 2121 48 19 And
1491 2121 30 22 by
1541 2125 56 17 now,
1620 2119 24 19 18

1277 2154 59 19 years
1352 2149 25 20 of
1392 2149 92 24 political
1499 2150 41 19 and
1555 2150 91 23 military

1278 2178 140 19 intervention
1430 2178 41 19 and
1483 2178 57 24 eight
1552 2184 59 18 years
1622 2178 26 19 of

1279 2207 139 19 intermittent
1448 2207 80 19 air-war
1554 2206 92 24 (August

1281 2235 66 23 1964)
1371 2236 70 19 would
1465 2241 58 14 seem
1549 2238 22 17 to
1595 2236 51 19 have

1279 2264 85 24 proved,
1393 2269 51 14 even
1474 2267 23 16 to
1527 2264 36 20 the
1590 2267 56 17 most

1278 2295 95 21 arrogant
1389 2293 86 23 leaders,
1490 2293 45 20 that
1550 2293 35 19 the
1601 2293 45 19 best

1279 2327 44 18 way
1335 2321 26 19 of
1370 2322 77 23 ending
1459 2327 11 14 a
1482 2328 41 13 war
1535 2322 17 19 is
1563 2324 23 17 to
1597 2324 49 21 stop

1672 1513 35 19 the
1717 1513 78 25 killing.

1708 1542 39 20 But
1766 1548 39 14 our
1825 1543 105 20 President
1950 1544 41 19 and
2008 1543 30 20 his

1672 1571 47 19 wise
1736 1572 41 18 and
1795 1572 60 23 witty
1872 1572 89 20 advisers
1975 1573 63 19 know

1672 1599 74 19 better.
1763 1600 59 24 They
1839 1601 40 19 still
1897 1601 78 19 believe
1993 1601 45 19 that

1670 1633 39 14 our
1721 1631 71 17 recent
1802 1630 142 23 negotiations
1952 1630 65 19 about
2027 1636 11 13 a

1670 1655 105 20 cease-fire
1792 1662 70 17 come,
1875 1659 38 17 not
1928 1657 56 20 from
1998 1663 39 14 our

1670 1687 117 20 agreement
1812 1687 24 17 to
1860 1686 115 24 negotiate,
1999 1686 37 20 but

1670 1713 54 20 from
1747 1719 38 14 our
1805 1714 101 24 bombing
1924 1715 27 20 of
1968 1715 69 20 North

1671 1742 96 20 Vietnam
1783 1743 38 19 last
1836 1749 91 13 summer
1942 1759 34 5 ...
1992 1744 20 20 If
2021 1745 16 20 it

1669 1771 63 19 could
1757 1771 25 19 be
1808 1773 76 22 proved
1909 1773 46 19 that
1978 1778 58 15 more

1669 1799 101 25 bombing
1792 1801 63 19 could
1876 1802 40 18 end
1940 1801 36 19 the
1996 1808 40 14 war

1669 1830 141 22 tomorrow,
1843 1830 34 19 the
1909 1830 72 25 killing
2012 1830 26 20 of

1669 1858 91 19 civilians
1777 1858 70 19 would
1862 1859 39 19 still
1917 1859 25 19 be
1957 1865 77 19 wrong.

1704 1887 114 23 Obviously
1836 1888 87 19 Richard
1937 1888 71 20 Nixon
2020 1889 16 20 is

1669 1917 36 18 not
1723 1916 96 24 listening
1837 1919 23 17 to
1876 1922 31 18 us,
1923 1922 26 15 or
1962 1919 23 18 to
2000 1918 36 20 the

1668 1945 69 19 voices
1768 1945 26 19 of
1824 1945 61 21 other
1915 1947 120 23 dissenters,

1669 1974 87 20 because
1778 1975 26 19 he
1827 1975 87 19 believes
1937 1976 45 20 that
2004 1982 30 14 we

1668 2003 50 19 have
1751 2003 71 24 failed,
1854 2004 44 19 that
1931 2004 36 20 the
1996 2005 38 20 last

1667 2031 92 20 election
1770 2033 78 23 proved
1861 2033 25 19 he
1897 2039 42 14 was
1951 2034 53 24 right
2013 2034 21 19 in

1667 2062 99 23 assessing
1778 2062 35 19 the
1826 2062 128 20 weaknesses
1966 2062 25 21 of
1999 2063 35 20 the

1667 2093 233 20 peace-movement.
1933 2106 36 5 ...
2001 2092 33 19 On

1668 2118 116 20 December
1803 2119 50 19 18th
1871 2120 70 19 Nixon
1958 2121 75 19 turned

1667 2147 52 19 back
1739 2148 35 19 the
1795 2148 68 23 clock,
1882 2151 38 17 not
1939 2150 51 23 only
2010 2152 24 18 to

1667 2176 47 24 May
1728 2176 36 20 Bth
1773 2177 42 19 and
1825 2177 31 19 his
1864 2178 85 24 chilling
1957 2178 76 24 speech

1667 2205 54 20 that
1751 2206 76 19 should
1860 2206 59 20 make
1952 2213 25 13 us
2007 2208 25 19 all

1667 2234 96 19 ashamed
1784 2234 25 20 of
1827 2235 61 24 being
1905 2236 128 23 Americans,

1667 2262 47 20 but
1751 2265 28 17 to
1814 2269 70 18 many
1919 2264 114 24 previous

1666 2291 140 24 high-handed
1822 2292 102 20 decisions
1939 2293 20 19 in
1975 2293 57 19 favor

1665 2319 25 19 of
1698 2320 59 23 using
1766 2320 90 24 military
1867 2321 57 19 force
1934 2337 35 5 ...

2093 1513 59 20 What
2167 1519 37 14 can
2220 1519 31 14 we
2265 1513 30 20 do
2305 1515 23 18 to
2340 1514 86 18 restrain

2058 1543 52 23 him,
2135 1541 61 20 when
2218 1548 30 13 we
2271 1541 50 20 have
2343 1541 83 24 already

2059 1571 57 19 done
2129 1576 39 14 our
2183 1571 44 19 best
2241 1573 21 17 at
2273 1570 36 20 the
2321 1570 53 24 polls
2386 1571 41 18 and

2059 1599 76 20 failed?
2155 1599 34 19 We
2208 1605 38 16 can
2264 1599 28 20 do
2309 1599 25 19 all
2351 1599 25 19 of
2391 1599 36 19 the

2060 1628 68 24 things
2143 1634 30 14 we
2187 1628 52 20 have
2251 1628 77 23 always
2338 1628 58 19 done
2405 1630 22 17 at

2060 1658 61 19 times
2144 1657 40 18 like
2203 1657 67 19 these:
2291 1656 58 20 write
2370 1661 57 14 more

2060 1686 71 19 letters
2144 1688 22 16 to
2178 1691 39 13 our
2227 1691 148 18 congressmen
2387 1685 40 19 and

2059 1717 103 20 senators,
2176 1714 71 24 urging
2259 1714 58 19 them
2329 1715 23 18 to
2364 1714 63 23 speak

2059 1745 38 17 out
2115 1748 51 14 even
2184 1748 58 14 more
2259 1743 73 23 loudly
2350 1743 77 23 against

2060 1773 35 19 the
2110 1772 108 24 bombing.
2233 1771 34 20 We
2279 1777 38 15 can
2330 1772 43 19 also
2384 1771 43 24 give

2060 1807 78 18 money
2153 1803 24 17 to
2191 1801 36 20 the
2241 1801 89 19 Medical
2343 1801 39 19 Aid
2394 1800 35 20 for

2060 1830 125 19 Indochina
2216 1829 55 24 (140
2302 1829 61 20 Sixth
2394 1831 35 21 st.,

2059 1859 125 24 Cambridge
2201 1858 92 23 02142),
2310 1858 68 19 which
2392 1858 37 19 has

2060 1888 54 20 been
2131 1888 87 24 sending
2235 1888 88 19 medical
2337 1887 92 23 supplies

2060 1917 47 20 and
2141 1917 131 24 equipment
2305 1918 23 18 to
2361 1916 68 20 North

2060 1946 99 19 Vietnam
2182 1945 40 20 and
2245 1945 61 20 other
2328 1950 56 14 areas
2404 1945 26 19 of

2061 1975 131 19 Indochina
2224 1975 85 19 outside
2339 1974 26 20 of
2395 1973 34 21 US

2061 2004 109 23 military
2204 2004 94 19 control.
2331 2004 28 19 As
2390 2008 39 14 our

2061 2032 124 20 Presidents
2215 2033 99 19 bombers
2343 2032 86 23 destroy

2062 2068 58 14 more
2135 2062 100 24 hospitals
2250 2062 51 19 with
2312 2067 42 14 one
2365 2062 64 22 hand,

2062 2097 30 13 we
2104 2096 39 14 can
2155 2091 57 19 build
2225 2091 58 19 them
2295 2095 29 19 up
2333 2090 51 20 with
2393 2090 36 19 the

2061 2120 70 23 other,
2157 2120 97 19 however
2277 2119 92 24 unequal
2393 2119 36 19 the

2062 2149 93 19 balance.

2092 2178 132 19 SANFORD
2232 2177 132 24 GIFFORD,
2373 2176 56 20 M.D.

2257 2206 7 20 1
2276 2206 85 19 Hillside
2371 2206 58 23 place

2061 2235 102 23 (Editors
2178 2235 64 20 Note:
2258 2235 41 19 this
2314 2235 61 19 letter
2388 2240 42 14 was

2062 2265 83 19 written
2171 2264 72 20 before
2267 2263 37 20 the
2328 2263 102 25 bombing

2062 2293 71 19 halted
2145 2293 41 19 this
2197 2293 66 19 week.
2272 2293 34 19 We
2315 2292 41 20 still
2365 2292 38 20 felt
2413 2292 16 19 it

2062 2322 75 20 should
2148 2322 25 19 be
2183 2322 91 23 printed,
2283 2321 115 22 however.)

1281 2379 97 34 Rent
1399 2380 158 33 Control

1277 2431 80 24 Editor,
1366 2432 120 21 Chronicle;

1311 2460 8 19 I
1334 2462 70 19 would
1419 2461 40 20 like
1474 2464 24 17 to
1512 2467 84 19 express
1608 2469 36 18 my

1275 2490 154 23 appreciation
1461 2491 33 20 for
1527 2491 36 20 the
1594 2498 50 18 very

1275 2521 96 17 accurate
1388 2519 40 19 and
1446 2519 38 20 fair
1499 2521 145 23 presentation

1275 2546 25 20 of
1313 2547 35 19 the
1362 2550 72 17 events
1445 2549 70 19 which
1527 2550 116 23 transpired

1275 2575 72 20 before
1376 2577 35 19 the
1437 2577 44 24 city
1507 2578 82 20 council
1614 2584 30 14 on

1276 2604 118 20 December
1426 2605 35 24 21,
1496 2606 65 24 1972,
1592 2607 51 19 with

1275 2633 85 24 specific
1374 2635 72 22 regard
1458 2636 23 17 to
1493 2634 36 20 the
1541 2635 65 23 plight
1618 2636 27 19 of

1274 2662 81 19 various
1372 2663 58 19 small
1445 2665 102 22 property
1561 2669 82 15 owners

1275 2691 48 20 who
1345 2692 50 19 have
1418 2692 52 19 been
1491 2697 25 16 so
1535 2693 106 24 adversely

1274 2719 93 20 effected
1380 2719 27 25 by
1419 2723 45 17 rent
1474 2721 102 19 controls.
1585 2721 57 20 Eliot

1274 2747 99 26 Spalding
1386 2751 65 18 wrote
1467 2749 15 20 it
1497 2749 37 21 as
1548 2750 15 19 it
1578 2749 63 21 was.

1309 2777 22 19 In
1359 2778 35 18 the
1421 2779 105 22 editorial,
1553 2779 88 20 entitled

1274 2805 62 20 Less
1492 2807 7 20 I
1514 2808 53 23 fully
1582 2814 59 18 agree

1274 2834 49 20 with
1335 2841 44 18 you
1390 2841 29 14 on
1430 2836 36 19 the
1478 2836 83 19 various
1569 2838 72 22 points

1274 2864 44 19 that
1340 2869 43 19 you
1403 2866 67 18 made.
1491 2864 8 20 I
1519 2866 43 19 also
1581 2871 60 19 agree

1273 2893 49 19 with
1342 2899 43 17 you
1403 2893 45 20 that
1465 2896 39 17 not
1522 2894 25 20 all
1564 2894 24 20 of
1605 2895 35 19 the

1272 2922 106 23 problems
1395 2923 45 19 that
1458 2923 82 24 pertain
1557 2925 23 18 to
1593 2926 47 17 rent

1272 2951 83 19 control
1373 2951 123 20 difficulties
1512 2954 54 18 stem
1583 2952 56 21 from

1272 2979 40 20 the
1348 2980 62 19 Rent
1445 2980 90 24 Board,
1568 2981 71 20 alone.

1272 3007 108 25 However,
1412 3009 8 19 I
1451 3009 42 20 feel
1526 3010 45 19 that
1604 3010 35 19 the

1272 3039 82 21 present
1381 3038 53 19 Rent
1460 3039 68 19 Board
1550 3039 40 19 and
1613 3039 27 20 its

1272 3067 109 23 personnel
1404 3067 49 19 have
1475 3073 55 19 gone
1553 3068 86 24 beyond

1272 3095 34 20 the
1315 3096 68 19 intent
1394 3096 24 20 of
1426 3096 35 20 the
1471 3097 46 19 law.

1305 3125 43 19 The
1369 3128 82 21 present
1469 3126 69 19 Board
1554 3126 40 20 and
1612 3126 27 19 its

1270 3154 122 23 employees
1410 3154 51 19 have
1480 3155 77 24 simply
1577 3156 61 18 made

1271 3182 34 20 the
1338 3183 89 20 horrible
1460 3189 55 14 mess
1547 3184 90 24 through

1270 3212 126 23 ineptitude,
1420 3217 10 14 a
1454 3218 58 18 gross
1534 3219 58 13 sense
1614 3213 26 20 of

1270 3240 199 24 unfairness,
1508 3242 55 19 and
1601 3242 37 20 its

1270 3269 152 24 inexperience.

1305 3299 5 18 I
1329 3299 48 19 take
1394 3301 71 22 strong
1482 3300 114 23 exception
1613 3302 24 17 to

1270 3327 34 19 the
1331 3327 43 20 fact
1402 3328 44 19 that
1475 3328 35 19 the
1536 3331 99 21 property

1268 3361 111 14 owners
1414 3357 66 18 have
1517 3358 118 23 delayed

1269 3386 155 22 promulgation
1442 3386 26 19 of
1486 3391 42 18 any
1546 3386 37 19 fair
1601 3389 33 16 net

1268 3413 91 20 formula
1378 3420 24 13 or
1476 3415 119 23 processing
1611 3415 26 19 of

1267 3443 91 19 eviction
1373 3448 55 14 cases
1444 3443 88 19 because
1547 3443 24 19 of
1584 3443 51 24 legal

1268 3471 80 19 actions
1366 3471 61 19 taken
1446 3472 27 23 by
1489 3472 65 19 them.
1569 3472 65 20 There

1268 3506 39 13 was
1333 3501 87 23 nothing
1445 3502 23 18 to
1491 3504 85 20 prevent
1599 3501 36 19 the

1269 3528 53 20 Rent
1336 3529 66 19 Board
1412 3528 55 20 from
1477 3529 75 24 having
1561 3535 10 13 a
1581 3529 52 24 fully

1665 2436 99 23 prepared
1780 2436 98 22 formula,
1891 2436 64 23 ready
1969 2437 24 18 to
2005 2436 26 19 be

1664 2464 111 23 presented
1786 2466 22 17 at
1817 2469 12 15 a
1837 2464 70 24 public
1916 2464 85 24 hearing
2010 2466 21 18 at

1664 2498 41 18 any
1719 2493 50 19 time
1784 2493 56 19 since
1855 2493 35 19 the
1905 2493 68 19 Board
1985 2492 45 20 first

1665 2523 42 18 met
1721 2524 21 17 at
1757 2521 35 20 the
1808 2521 110 24 beginning
1928 2521 26 19 of
1968 2521 63 20 1972.

1664 2550 43 20 The
1733 2551 66 19 Board
1825 2551 35 19 did
1884 2552 38 18 not
1948 2551 50 19 have
2020 2556 11 14 a

1664 2579 121 24 completed
1811 2579 89 19 formula
1922 2579 63 24 ready
2008 2581 23 18 to

1665 2610 82 21 present
1759 2608 53 19 until
1824 2608 74 19 almost
1912 2608 35 19 the
1956 2608 43 19 end
2006 2608 26 19 of

1667 2636 63 20 1972.
1743 2636 19 20 If
1771 2636 16 20 it
1797 2636 41 20 had
1848 2636 82 20 wanted
1939 2638 24 18 to
1971 2636 60 19 show

1665 2666 45 18 that
1721 2665 16 19 it
1750 2671 41 14 was
1802 2665 63 25 doing
1876 2665 120 25 something
2007 2667 24 17 to

1665 2700 81 14 assure
1779 2695 42 19 the
1853 2695 124 23 prevention
2006 2694 27 20 of

1664 2723 116 20 financial
1812 2723 86 20 disaster
1930 2723 34 19 for
1996 2723 34 19 the

1664 2752 106 19 hundreds
1797 2752 25 19 of
1847 2752 57 19 small
1930 2754 101 23 property

1664 2787 81 15 owners
1757 2781 20 19 in
1788 2781 132 24 Cambridge,
1931 2781 16 19 it
1959 2781 72 20 would

1665 2810 50 19 have
1730 2811 62 18 taken
1808 2810 40 19 this
1863 2810 44 19 first
1921 2811 42 18 and
1975 2813 56 16 most

1665 2842 116 22 important
1796 2840 70 20 action
1880 2845 21 13 as
1915 2844 41 14 one
1970 2838 26 20 of
2006 2839 26 18 its

1665 2870 66 20 initial
1753 2872 64 21 steps,
1839 2871 37 17 not
1897 2873 41 14 one
1961 2867 25 20 of
2006 2868 26 19 its

1666 2899 60 19 latest

1706 2924 113 23 Secondly,
1838 2930 40 17 any
1898 2929 57 20 steps
1974 2927 62 17 taken

1672 2951 27 22 by
1713 2954 100 22 property
1825 2958 82 15 owners
1918 2955 24 18 to
1953 2956 84 21 protect

1671 2980 53 19 their
1740 2981 71 24 rights,
1828 2987 21 14 as
1864 2984 127 22 guaranteed
2009 2984 28 23 by

1671 3008 52 20 both
1748 3010 35 19 the
1808 3010 58 20 State
1888 3012 40 19 and
1952 3012 85 20 Federal

1670 3039 159 23 constitutions,
1852 3040 75 20 should
1950 3043 39 17 not
2011 3041 25 20 be

1670 3067 153 24 interpreted
1855 3069 28 23 by
1914 3075 41 18 any
1987 3076 49 17 one,

1670 3097 161 24 particularly
1864 3099 71 19 those
1969 3099 67 20 three

1670 3125 102 20 members
1784 3126 25 20 of
1820 3126 35 20 the
1868 3127 67 20 Board
1944 3128 48 19 who
2002 3134 33 14 are

1670 3153 91 24 lawyers,
1775 3161 22 13 as
1810 3156 60 24 being
1881 3156 75 20 unfair.
1969 3157 66 20 These

1669 3188 55 13 same
1738 3184 124 19 individuals
1873 3185 76 20 should
1962 3186 25 19 be
1999 3187 36 19 the

1669 3211 43 19 first
1742 3214 22 17 to
1790 3214 108 23 recognize
1923 3215 45 19 that
1994 3221 40 18 any

1669 3245 74 18 person
1773 3241 49 19 who
1851 3243 50 19 feels
1928 3244 105 23 aggrieved

1668 3269 51 19 does
1727 3269 51 21 have
1788 3271 36 19 the
1832 3271 52 24 right
1895 3274 23 18 to
1927 3273 74 22 appeal
2011 3276 23 17 to

1667 3298 36 19 the
1733 3298 84 20 Courts.
1851 3300 32 19 No
1912 3302 122 24 restraining

1667 3326 66 20 Order
1751 3332 39 14 was
1806 3333 48 15 ever
1867 3328 73 25 placed
1955 3331 77 23 against

1667 3355 35 19 the
1721 3355 52 20 Rent
1794 3356 73 24 Board,
1882 3359 122 24 preventing
2017 3359 15 20 it

1667 3384 54 19 from
1741 3385 92 24 drawing
1851 3391 28 19 up
1898 3393 11 12 a
1929 3387 39 19 fair
1987 3390 45 17 rent

1667 3412 96 20 formula.

1701 3441 43 19 The
1761 3442 69 20 unfair
1846 3444 91 19 attitude
1953 3445 25 19 of
1992 3445 40 19 this

1667 3469 66 20 Board
1752 3471 16 18 is
1783 3471 70 24 amply
1871 3472 65 20 borne
1950 3476 39 16 out
2003 3473 28 24 by

1666 3499 34 19 the
1730 3499 116 21 difference
1876 3500 19 20 in
1922 3502 110 19 standards

1665 3527 85 20 utilized
1764 3528 30 23 by
1808 3528 35 20 the
1859 3529 53 20 Rent
1928 3530 68 20 Board
2010 3531 21 19 in

2066 2433 106 24 requiring
2190 2434 161 24 re-registration
2368 2434 67 21 forms

2066 2460 34 20 for
2123 2463 83 19 tenants
2227 2462 41 20 and
2292 2469 86 17 owners,
2398 2464 37 19 the

2067 2489 61 20 latter
2154 2491 67 19 under
2248 2491 36 20 the
2311 2492 59 24 pains
2393 2493 41 19 and

2066 2519 142 23 penalties
2245 2520 31 19 of
2311 2521 125 24 perjury,

2065 2547 153 24 documented,
2246 2549 42 19 and
2318 2550 117 23 notarized,

2065 2576 41 19 and
2121 2577 63 19 based
2198 2583 60 18 upon
2272 2578 91 23 records,
2375 2584 58 14 more

2065 2605 51 19 than
2144 2605 12 19 5
2184 2612 59 17 years
2266 2606 45 24 old,
2334 2607 20 20 in
2378 2608 55 19 vivid

2065 2636 129 18 contrast
2231 2636 60 19 with
2325 2636 109 20 tenants

2064 2663 157 24 registration
2254 2664 66 20 forms
2351 2667 24 17 to
2407 2665 26 20 be

2065 2693 122 22 compared,
2198 2695 38 17 not
2248 2693 68 19 under
2326 2694 35 19 the
2374 2695 60 23 pains

2064 2721 41 19 and
2123 2721 101 23 penalties
2237 2722 27 19 of
2276 2723 90 24 perjury,
2381 2724 51 18 with

2064 2751 74 19 tenant
2146 2751 95 24 guessing
2250 2753 21 17 at
2281 2752 36 19 the
2326 2752 54 20 data.

2100 2779 96 24 During
2229 2780 42 19 the
2306 2781 66 20 week
2405 2781 29 20 of

2065 2807 116 20 December
2203 2808 33 24 18,
2258 2809 64 23 1972,
2340 2810 91 20 eviction

2064 2836 94 25 hearings
2180 2843 53 14 were
2255 2838 62 24 being
2335 2838 48 20 held
2402 2845 29 14 on

2062 2866 141 23 applications
2217 2867 45 19 that
2278 2873 52 13 were
2345 2867 50 20 filed
2410 2869 21 19 in

2063 2894 48 24 July
2135 2895 62 23 1972,
2214 2895 84 24 already
2314 2897 14 19 6
2345 2897 86 19 months

2062 2923 44 19 old.

2097 2954 33 20 We
2145 2955 41 20 feel
2200 2956 46 19 that
2262 2956 35 23 the
2312 2956 65 20 Board
2393 2957 37 19 has

2062 2984 40 19 had
2114 2990 26 13 an
2152 2986 142 23 opportunity
2303 2987 23 18 to
2335 2988 93 21 operate.

2094 3012 45 20 The
2152 3013 44 24 city
2207 3013 26 20 of
2243 3014 124 24 Cambridge
2379 3016 17 18 is
2406 3016 21 19 in

2052 3041 1 27 v
2059 3046 11 14 a
2087 3041 41 20 bad
2146 3042 98 20 financial
2259 3049 52 18 way.
2326 3043 101 25 Property

2059 3070 69 20 values
2142 3077 33 13 are
2190 3072 111 24 dropping,
2316 3073 40 19 and
2368 3076 59 17 taxes

2058 3104 34 14 are
2106 3100 108 25 climbing;
2227 3106 29 14 no
2270 3107 46 14 new
2330 3102 96 24 industry

2057 3128 42 19 and
2111 3134 119 16 commerce
2242 3135 34 14 are
2288 3132 83 23 moving
2379 3132 47 19 into

2059 3156 35 21 the
2102 3158 54 24 city;
2163 3164 12 13 a
2184 3158 30 20 lot
2222 3158 27 20 of
2254 3159 50 23 jobs
2313 3160 50 19 have
2372 3160 54 19 been

2058 3186 49 22 lost;
2115 3186 84 24 largely,
2209 3187 89 20 because
2307 3188 25 20 of
2339 3189 35 19 the
2384 3189 41 19 bad

2057 3216 155 19 economic
2248 3217 51 19 and
2335 3219 91 19 social

2056 3245 135 22 atmosphere
2216 3245 45 20 that
2285 3251 47 14 now
2353 3247 71 19 exists.

2057 3271 51 21 Its
2144 3273 87 20 about
2267 3274 68 19 time
2370 3275 55 20 that

2055 3301 193 22 experimentation
2270 3304 59 23 stops
2351 3304 40 19 and
2412 3309 12 15 a

2054 3330 41 23 fair
2128 3332 40 18 and
2199 3333 71 18 sound
2300 3333 70 23 policy
2400 3334 26 19 be

2057 3360 151 20 established
2241 3361 28 23 by
2302 3361 35 19 the
2370 3362 54 20 Rent

2056 3387 90 21 Control
2161 3389 67 20 Board
2243 3393 21 17 at
2279 3396 53 14 once
2346 3391 40 19 and
2401 3394 24 17 to

2057 3417 35 19 the
2117 3418 114 23 advantage
2255 3419 26 19 of
2302 3420 34 18 the
2358 3420 66 20 entire

2056 3445 50 24 city.

2189 3476 106 20 CARLF.
2307 3477 113 20 BARRON

2089 3504 126 24 Cambridge
2224 3504 101 25 Property
2335 3506 87 20 Owners

2288 3535 132 19 Association

1274 3574 105 46 They
1399 3574 137 34 should
1560 3580 61 40 get
1642 3573 172 47 together

1278 3635 79 23 Editor,
1366 3635 118 20 Chronic!*;

1311 3664 33 19 On
1365 3664 34 19 the
1419 3663 82 23 subject
1520 3662 25 19 of
1561 3662 83 19 Walden

1278 3692 85 24 Square;
1386 3692 6 19 I
1412 3691 82 24 applied
1513 3690 34 20 for
1564 3696 40 14 one
1621 3690 25 19 of

1278 3721 34 19 the
1329 3722 135 22 apartments,
1482 3720 42 18 and
1541 3725 41 13 was
1599 3719 45 19 told

1278 3750 51 18 that
1365 3749 76 19 under
1475 3749 42 19 the
1551 3747 94 20 federal

1278 3778 119 23 guidelines,
1425 3777 112 23 according
1562 3780 22 16 to
1609 3781 35 18 my

1278 3807 65 23 salary
1355 3806 40 19 and
1408 3806 72 23 family
1493 3806 49 23 size,
1554 3806 6 19 I
1574 3806 70 18 would

1279 3836 48 18 have
1343 3838 22 16 to
1381 3841 39 18 pay
1437 3834 95 21 5300.00
1546 3840 10 13 a
1569 3834 76 19 month

1278 3866 51 17 rent.
1349 3864 63 23 Being
1425 3864 91 22 actually
1531 3863 75 19 unable
1622 3865 23 17 to

1279 3898 38 18 pay
1337 3893 42 19 this
1398 3895 96 20 amount,
1514 3892 7 19 I
1542 3892 62 19 asked
1622 3894 24 17 to

1279 3922 49 18 have
1341 3927 35 18 my
1386 3926 60 14 name
1456 3921 123 19 withdrawn
1590 3920 54 19 from

1278 3951 162 19 consideration.
1459 3951 91 21 Anyone
1567 3950 48 18 who
1630 3949 16 19 is

1279 3980 45 18 able
1341 3982 23 16 to
1379 3984 40 19 pay
1433 3981 45 18 rent
1494 3979 20 19 in
1530 3979 41 18 this
1584 3983 61 17 range

1280 4008 68 19 would
1369 4008 71 23 hardly
1461 4007 50 18 have
1530 4012 9 13 a
1557 4007 89 22 housing

1281 4038 102 22 problem!
1402 4038 36 21 So,
1456 4038 34 18 the
1509 4043 44 13 new
1570 4036 77 20 federal

1278 4066 114 23 guidelines
1419 4071 32 14 are
1479 4070 85 18 causing
1588 4069 57 14 more

1280 4095 105 23 problems
1402 4095 79 18 instead
1499 4093 25 20 of
1538 4093 108 25 providing

1279 4124 104 19 solutions
1392 4126 23 17 to
1423 4125 90 21 existing
1522 4128 57 14 ones.

1314 4152 7 20 I
1339 4158 33 14 am
1389 4158 10 13 a
1418 4152 93 20 member
1527 4151 24 21 of
1568 4156 40 14 one
1622 4151 25 19 of

1280 4182 35 19 the
1334 4182 106 19 Churches
1459 4182 115 17 associated
1595 4180 52 19 with

1280 4213 33 18 the
1342 4212 82 19 Walden
1452 4211 78 22 Square
1558 4210 80 21 Project

1280 4239 79 19 Several
1377 4239 60 19 other
1456 4239 102 18 members
1576 4238 70 19 whose

1281 4274 69 13 names
1369 4273 51 13 were
1435 4267 115 19 submitted
1566 4267 27 23 by
1608 4273 39 13 our

1283 4298 169 23 Representative
1485 4297 93 18 received
1611 4296 36 18 the

1281 4332 53 14 same
1347 4326 117 19 evaluation
1478 4325 6 19 I
1495 4326 35 18 did
1549 4325 47 19 This
1606 4330 41 13 was

1281 4361 46 18 very
1343 4356 143 21 discouraging
1501 4353 33 20 for
1546 4354 40 19 this
1599 4359 48 14 man

1282 4385 46 18 who
1358 4385 39 18 had
1428 4384 92 18 invested
1551 4389 9 12 a
1591 4386 55 20 great

1281 4416 86 16 amount
1393 4412 24 19 of
1441 4413 49 18 time
1516 4413 39 18 and
1581 4411 65 19 effort

1282 4443 76 22 hoping
1386 4445 23 15 to
1436 4444 56 16 assist
1522 4442 30 18 his
1577 4440 69 19 fellow

1284 4474 135 23 parishioners

1318 4502 70 19 After
1423 4501 75 20 having
1530 4499 47 19 read
1611 4497 36 19 Mr.

1284 4530 139 24 Thompson's
1449 4530 59 17 letter
1534 4527 53 19 from
1614 4525 35 20 the

1665 3631 90 22 NAACP
1769 3632 40 20 and
1823 3632 36 19 Mr.
1872 3631 88 20 Brooks
1972 3631 58 24 reply

1662 3658 78 20 from
1780 3659 49 19 the
1864 3659 164 24 Cambridge

1661 3686 150 25 Corporation,
1830 3688 15 19 it
1864 3693 74 14 occurs
1955 3690 23 17 to
1996 3693 32 14 me

1662 3716 61 19 that
1760 3716 45 19 the
1844 3715 109 23 NAACP.
1988 3717 40 19 the

1661 3744 124 24 Cambridge
1817 3745 140 23 Corporation
1987 3745 41 19 and

1662 3778 46 18 any
1741 3773 73 19 other
1847 3773 125 19 institution
2004 3778 24 15 or

1661 3802 169 22 organization
1862 3801 112 20 interested
2007 3803 21 18 in

1661 3830 62 23 really
1754 3831 79 23 solving
1862 3831 40 19 this
1932 3831 94 22 problem

1661 3858 75 20 should
1746 3863 35 19 gel
1792 3860 95 22 together
1896 3861 23 17 to
1928 3864 34 14 see
1972 3860 54 19 what

1662 3888 50 23 they
1732 3893 37 14 can
1789 3888 29 19 do
1837 3890 23 17 to
1877 3888 47 23 help
1942 3893 86 18 persons

1663 3916 49 19 with
1739 3921 10 14 a
1774 3917 89 23 housing
1887 3916 94 24 problem
2007 3918 20 18 in

1661 3945 130 23 Cambridge.

1697 3973 55 20 Such
1764 3974 137 23 cooperation
1913 3974 77 19 should
2002 3974 25 19 be

1661 4003 104 19 extended
1781 4005 23 17 to
1816 4003 61 18 other
1888 4003 107 22 problems
2006 4003 21 19 in

1661 4031 36 19 the
1709 4032 43 22 city
1763 4032 51 21 also,
1826 4032 79 19 instead
1918 4031 25 19 of
1953 4032 74 23 having

1661 4066 76 17 groups
1764 4061 86 22 wasting
1874 4060 53 19 their
1951 4059 76 20 efforts

1662 4088 88 24 fighting
1768 4094 77 18 among
1862 4089 128 19 themselves.
2010 4088 18 20 If

1661 4118 42 19 this
1722 4120 49 22 type
1791 4117 25 20 of
1833 4118 70 20 action
1921 4118 62 19 could
2001 4119 25 18 be

1661 4147 107 23 adopted,
1800 4147 123 23 Cambridge
1956 4147 70 19 would

1662 4177 88 19 become
1762 4182 10 14 a
1785 4175 63 20 much
1860 4176 67 18 better
1937 4175 58 24 place
2005 4178 24 17 to

1661 4205 38 19 live
1709 4205 29 19 in!

1703 4234 78 19 EMMA
1794 4233 48 20 LEE
1853 4233 173 20 POINDEXTER

1833 4262 39 20 124
1881 4262 111 19 Columbia
2001 4266 25 16 st.

2084 3671 167 21 MARIANNE
2287 3670 75 22 BUTT
2392 3671 25 19 of

2049 3700 144 24 Cambridge
2227 3706 47 14 was
2309 3701 107 24 recently

2049 3730 111 19 initiated
2192 3730 47 19 into
2272 3730 34 19 the
2339 3730 78 20 Future

2049 3758 129 24 Secretary
2213 3760 150 19 Association
2396 3761 21 18 at

2050 3788 94 23 Aquinas
2169 3787 75 20 Junior
2269 3788 92 24 College,
2391 3788 24 20 IS

2049 3815 81 20 Walnut
2160 3815 58 23 Park,
2248 3816 97 20 Newton.
2373 3816 43 20 The

2051 3845 92 23 Aquinas
2159 3844 93 24 Chapter
2268 3845 16 19 is
2300 3845 66 19 under
2380 3845 36 19 the

2049 3873 136 24 sponsorship
2215 3873 25 20 of
2269 3873 47 19 Mrs.
2343 3873 73 20 Vickie

2049 3901 107 24 Overton,
2187 3902 106 19 chairman
2325 3901 24 20 of
2381 3902 35 20 the

2051 3930 69 19 Route
2151 3930 39 19 128
2217 3930 92 23 Chapter
2333 3930 24 19 of
2381 3931 35 18 the

2050 3959 98 19 National
2163 3958 107 24 Secretary
2284 3959 131 19 Association

2049 3987 179 22 (International).

2462 259 254 73 Name
2759 261 400 96 dropping

2490 393 33 19 BY
2533 393 80 19 ELIOT
2629 399 27 17 cr.
2667 394 25 19 ah
2709 394 45 21 (Oh
2764 396 62 22 yeah)
2836 396 134 19 SPALDING

2493 425 5 18 1
2517 425 60 19 dont
2596 426 61 18 know
2672 426 66 19 about
2754 426 34 18 the
2803 428 39 16 rest
2857 425 25 19 of
2896 431 49 17 you,
2960 426 38 19 but

2458 459 40 13 one
2510 453 23 20 of
2545 454 36 19 the
2591 454 67 23 things
2669 460 70 17 wrong
2749 454 49 19 with
2810 459 31 14 me
2852 454 14 19 is
2876 455 44 18 that
2931 454 6 18 1
2948 454 50 19 have

2457 488 11 13 a
2480 483 29 18 lot
2519 481 25 20 of
2553 483 82 19 trouble
2645 482 151 24 remembering
2806 488 70 14 names
2886 483 39 18 and
2935 482 61 19 faces.

2494 511 64 19 Never
2576 512 68 18 could.
2661 511 65 23 Forty
2741 516 58 18 years
2813 517 38 17 ago
2865 514 20 16 at
2901 517 10 13 a
2926 511 70 23 family

2459 540 110 23 wedding
2603 540 111 23 reception
2747 539 6 19 1
2787 542 54 16 went
2873 544 28 19 up
2933 542 23 17 to
2988 546 10 12 a

2458 568 166 23 lonely-looking
2643 568 77 23 elderly
2740 574 54 17 man,
2812 568 66 19 shook
2896 568 30 19 his
2943 568 55 19 hand

2458 597 39 18 and
2512 597 63 19 asked
2592 598 54 18 Are
2659 602 45 18 you
2719 596 35 20 the
2769 596 76 20 brides
2859 602 71 13 cousin
2943 596 55 19 from

2457 624 109 20 Omaha?

2493 653 70 23 No,
2578 654 27 19 he
2618 654 42 19 said
2675 654 80 22 coldly,
2768 659 47 17 very
2831 654 69 22 coldly
2916 654 74 18 indeed

2458 681 51 20 Im
2530 687 54 18 your
2604 683 59 19 uncle
2685 682 78 19 Robert
2784 682 54 19 from
2860 681 139 24 Lexington.

2457 709 43 20 The
2511 711 42 18 rich
2563 711 68 23 uncle,
2639 709 25 21 of
2672 716 80 14 course.

2493 739 22 19 In
2533 739 51 19 later
2601 744 57 19 years
2676 739 6 18 I
2699 740 50 18 have
2764 739 51 19 tried
2831 739 53 19 little
2899 739 63 19 tricks
2975 741 24 17 to

2458 768 47 23 help
2520 773 33 14 me
2568 769 50 19 with
2633 773 34 18 my
2683 768 104 23 problem,
2801 767 37 20 but
2855 768 49 23 they
2916 768 82 19 havent

2458 796 73 23 helped
2558 797 69 19 much.
2653 796 41 20 For
2718 796 103 23 example,
2846 797 59 18 when
2928 796 7 19 I
2959 802 40 13 was

2458 824 124 21 introduced
2596 828 22 17 to
2629 831 11 13 a
2654 825 35 19 Mr.
2704 825 66 19 Miller
2781 828 20 17 at
2811 830 10 14 a
2830 825 91 20 cocktail
2930 828 69 21 party,

2460 853 5 18 I
2482 854 89 22 thought
2585 854 7 18 1
2605 854 69 19 would
2687 853 116 19 remember
2815 852 35 19 the
2863 858 60 13 name
2936 852 64 19 Miller

2458 882 27 22 by
2503 883 123 23 associating
2643 883 14 18 it
2676 883 50 18 with
2744 883 34 19 the
2794 883 65 22 word,
2873 882 61 20 flour.
2951 883 47 19 Five

2458 911 90 19 minutes
2560 911 51 19 later
2623 911 60 19 when
2693 911 7 19 I
2711 912 82 18 wanted
2803 913 24 17 to
2836 911 109 20 introduce
2955 913 43 18 him

2458 941 23 17 to
2509 940 119 23 somebody
2657 940 49 22 else,
2736 939 8 19 1
2774 941 141 20 remembered
2943 940 56 20 flour

2458 967 103 24 perfectly
2578 969 40 19 and
2632 969 28 23 by
2674 969 127 19 association
2815 969 125 20 introduced
2954 969 44 20 him

2458 1002 21 14 as
2489 996 29 20 Mr
2535 997 72 19 White.

2493 1025 6 19 I
2515 1026 36 19 did
2565 1031 41 14 one
2618 1027 58 22 thing
2688 1027 111 23 correctly,
2811 1027 86 23 though.
2911 1026 6 19 I
2930 1026 68 20 didnt

2458 1055 42 22 give
2525 1055 43 20 him
2594 1056 34 19 the
2653 1055 45 20 first
2724 1061 60 14 name
2805 1055 24 20 of
2852 1055 100 20 Enriched
2974 1061 25 15 or

2458 1083 139 24 All-Purpose.
2613 1084 30 23 By
2658 1084 35 20 the
2709 1089 52 19 way,
2776 1084 60 19 when
2848 1089 42 18 you
2902 1090 61 14 come
2975 1087 23 17 to

2458 1112 59 18 think
2535 1111 25 20 of
2573 1113 23 23 it,
2611 1112 133 25 All-Purpose
2759 1113 69 19 would
2843 1114 60 18 make
2918 1119 10 13 a
2942 1113 56 24 good

2458 1140 44 20 first
2512 1146 61 14 name
2583 1141 34 19 for
2625 1142 75 20 almost
2710 1147 84 18 anyone
2803 1142 24 19 of
2835 1143 67 19 either
2911 1148 41 13 sex.

2615 1170 53 19 THE
2678 1170 66 20 POLS
2754 1170 87 21 EXCEL

2492 1198 120 20 Successful
2633 1199 126 24 politicians,
2780 1199 25 20 of
2822 1205 82 18 course,
2923 1200 76 23 always

2458 1228 116 19 remember
2594 1233 70 14 names
2683 1229 41 18 and
2744 1228 61 20 faces.
2826 1228 20 19 If
2864 1229 48 23 they
2930 1228 69 24 dont,

2458 1256 49 22 they
2518 1256 60 19 dont
2588 1259 44 21 stay
2643 1261 28 15 on
2681 1259 38 21 top
2728 1256 34 21 for
2771 1257 54 23 long.

2492 1284 44 20 The
2556 1287 43 17 two
2615 1285 123 24 Cambridge
2756 1286 124 24 champions
2895 1291 33 14 are
2945 1287 54 19 both

2459 1312 77 20 former
2552 1319 89 17 mayors;
2658 1314 30 19 Ed
2700 1314 75 23 Crane,
2785 1315 126 23 voluntarily
2923 1315 75 19 retired

2460 1341 53 20 from
2535 1343 85 22 politics
2641 1343 37 19 but
2701 1344 41 18 still
2763 1344 114 23 practicing
2899 1344 37 18 law
2958 1344 40 19 and

2459 1371 228 24 name-remembering;
2700 1372 42 19 and
2757 1372 72 19 Walter
2844 1372 97 23 Sullivan,
2955 1372 44 23 city

2458 1399 117 19 councillor
2602 1400 39 19 and
2668 1401 96 18 assistant
2791 1403 81 21 county
2897 1401 54 19 clerk
2975 1400 25 20 of

2458 1430 77 17 courts.
2564 1428 17 19 A
2607 1433 94 18 memory
2727 1429 69 19 match
2820 1430 96 19 between
2941 1430 58 19 them

2460 1456 68 19 would
2541 1457 25 18 be
2578 1456 25 20 of
2614 1457 65 23 Super
2691 1457 60 20 Bowl
2758 1457 81 24 quality
2848 1458 51 19 with
2909 1458 90 19 Sullivan

2458 1489 12 14 a
2488 1485 61 23 slight
2569 1485 87 19 favorite
2676 1485 17 19 if
2710 1486 114 20 Middlesex
2840 1486 86 24 County
2944 1487 56 19 faces

2460 1518 51 13 were
2526 1513 106 23 included,
2646 1515 40 18 and
2701 1514 66 20 Crane
2782 1515 73 23 having
2868 1520 11 14 a
2893 1515 30 19 bit
2938 1515 25 19 of
2972 1520 27 14 an

2458 1542 51 23 edge
2523 1542 21 18 in
2558 1543 52 19 such
2624 1543 123 23 specialized
2761 1548 57 14 areas
2831 1549 22 13 as
2864 1543 37 20 fire
2913 1543 87 24 fighters

2458 1570 40 19 and
2508 1569 83 24 golfers.

2493 1598 64 20 When
2574 1599 15 19 it
2607 1604 57 15 came
2681 1601 24 18 to
2723 1600 35 19 the
2772 1602 57 17 extra
2843 1600 119 19 dimension
2975 1599 25 20 of

2458 1627 122 23 genealogy,
2605 1628 102 23 however,
2732 1628 53 19 both
2810 1628 29 19 Ed
2864 1629 40 18 and
2926 1629 74 19 Walter

2460 1655 68 19 would
2544 1656 51 19 have
2609 1656 39 19 had
2663 1658 23 17 to
2702 1656 47 20 bow
2765 1658 22 18 to
2801 1657 36 19 the
2852 1657 40 19 late
2904 1658 96 18 Assessor

2459 1683 90 20 Bernard
2562 1684 79 20 Fallon.
2654 1684 103 24 Benny
2770 1685 61 19 could
2842 1685 62 19 recall
2916 1685 35 19 the
2961 1685 38 20 full

2459 1717 70 14 names
2545 1712 26 20 of
2584 1713 121 23 everybody
2719 1719 28 13 on
2761 1718 61 19 every
2836 1713 76 20 voters
2926 1714 72 24 family

2459 1743 50 21 tree,
2519 1742 64 23 going
2594 1741 52 20 back
2656 1744 23 17 to
2687 1744 58 21 great
2754 1745 55 20 great
2818 1742 143 23 grandfathers
2970 1748 29 14 on

3032 396 65 18 either
3119 396 44 18 side
3185 395 40 19 and
3245 397 37 18 not
3302 395 112 23 forgetting
3432 401 42 17 any
3493 395 25 19 of
3537 395 35 19 the

3032 425 78 18 second
3119 424 86 19 cousins
3213 425 59 17 twice
3282 424 104 19 removed.

3067 458 51 14 one
3154 452 31 20 of
3220 453 46 19 the
3303 454 69 18 most
3408 452 172 20 remarkable'

3032 481 180 19 demonstrations
3224 481 6 18 1
3243 486 45 14 ever
3301 481 107 19 witnessed
3422 486 40 14 was
3474 486 58 18 given
3544 481 28 22 by

3033 510 35 19 the
3083 510 40 19 late
3135 510 58 19 State
3207 510 90 19 Auditor
3307 510 40 18 and
3359 510 123 23 Cambridge
3494 509 79 19 School

3032 538 180 20 Committeeman
3228 538 78 19 Russell
3321 538 70 19 Abner
3405 538 72 19 Wood.
3490 537 82 20 Ruts

3034 567 61 18 asked
3109 566 33 19 Dr.
3158 566 63 19 David
3235 566 51 19 Dow
3298 566 27 19 Jr.
3336 567 63 18 about
3410 571 59 17 every
3480 567 93 18 member
3582 566 4 22 .

3033 594 25 20 of
3071 595 31 19 his
3116 594 73 24 family
3205 595 27 23 by
3247 599 59 15 name
3321 595 40 18 and
3376 594 48 19 then
3440 595 79 23 topped
3532 594 42 20 this

3033 623 34 20 off
3089 624 49 18 with
3161 624 36 18 the
3219 623 106 24 question,
3346 623 62 19 And
3430 623 48 19 how
3500 624 16 19 is
3537 623 36 19 old

3033 651 88 24 Toby?
3138 652 41 19 Old
3196 652 61 23 Toby
3274 658 41 13 was
3332 652 35 18 the
3384 652 70 23 family
3469 653 42 22 dog
3526 652 47 19 who

3034 681 40 19 had
3084 681 53 19 been
3146 681 53 19 dead
3209 680 34 20 for
3252 683 35 16 ten
3297 686 63 17 years.

3068 709 49 20 This
3126 710 92 18 reminds
3227 714 33 14 me
3269 708 24 20 of
3302 715 10 13 a
3323 708 65 20 friend
3399 710 47 18 who
3455 709 74 19 knows
3538 710 35 18 the

3034 743 60 14 name
3116 738 26 19 of
3159 743 61 18 every
3240 738 41 23 dog
3300 738 47 19 who
3366 743 45 14 ever
3430 738 53 19 lived
3503 738 20 19 in
3543 738 31 19 his

3034 767 161 23 neighborhood
3215 767 38 19 but
3272 767 48 18 who
3338 772 58 13 never
3413 768 68 22 knew,
3498 772 23 14 or
3538 767 36 18 has

3034 796 117 24 forgotten,
3162 795 36 20 the
3208 801 70 14 names
3287 794 25 21 of
3321 801 61 17 many
3391 795 24 20 of
3423 796 53 19 their
3485 800 88 15 owners.

3034 825 48 19 You
3099 830 38 14 can
3155 825 34 19 bet
3208 830 53 18 your
3278 827 61 16 sweet
3357 823 34 20 life
3408 824 47 19 hell
3473 829 61 15 never
3549 824 25 19 be

3035 859 74 18 mayor
3119 853 70 19 unless
3200 853 50 23 they
3263 853 75 19 amend
3350 853 35 19 the
3396 853 146 20 Constitution
3551 855 24 17 to

3034 883 44 24 give
3086 883 52 22 dogs
3148 882 36 20 the
3192 884 55 18 vote.

3172 910 55 20 ONE
3239 910 61 20 LESS
3311 910 124 19 PROBLEM

3069 940 46 20 One
3129 940 25 19 of
3168 940 36 19 the
3218 940 106 23 problems
3339 939 33 20 for
3385 940 60 19 those
3456 939 25 20 of
3492 945 23 14 us
3526 940 49 19 who

3035 969 67 23 forget
3115 975 72 14 names
3198 969 50 19 used
3261 971 22 17 to
3296 968 25 19 be
3333 969 92 18 whether
3437 971 23 16 to
3471 969 83 19 address
3563 974 11 13 a

3036 1004 82 14 woman
3132 1004 22 13 as
3169 997 77 20 Mrs.
3260 1003 24 13 or
3298 1003 21 13 as
3332 997 82 19 Miss.
3427 997 61 24 Now,
3499 997 76 20 thanks

3035 1030 23 17 to
3070 1027 35 19 the
3118 1027 66 23 magic
3196 1027 57 19 word
3264 1027 136 23 pronounced
3410 1025 77 24 Miz,
3497 1032 29 13 we
3537 1032 37 14 can

3035 1056 62 23 easily
3110 1062 61 13 cover
3184 1062 28 17 up
3224 1061 10 13 a
3246 1055 105 19 multitide
3363 1055 24 19 of
3398 1060 94 19 memory
3502 1056 71 23 lapses.

3071 1086 39 18 But
3125 1091 11 13 a
3152 1090 47 13 man
3214 1084 39 19 still
3268 1085 37 18 has
3319 1086 23 17 to
3356 1084 25 19 be
3395 1084 78 19 careful
3487 1084 48 19 how
3549 1084 26 19 he

3036 1114 53 19 talks
3109 1116 22 17 to
3152 1119 89 13 women.
3259 1112 41 21 For
3316 1114 101 22 example,
3434 1119 11 13 a
3462 1119 48 13 man
3528 1114 47 19 who

3036 1143 86 19 absent
3127 1142 48 19 min
3180 1142 63 23 dedly
3274 1142 106 19 addresses
3410 1143 31 19 his
3474 1142 47 20 wife
3552 1148 25 14 or

3037 1171 123 19 sweetheart
3173 1171 28 23 by
3213 1171 35 18 the
3260 1176 71 18 wrong
3342 1170 44 20 first
3396 1176 60 14 name
3466 1171 41 20 will
3516 1176 61 14 never

3038 1199 74 24 forget,
3125 1200 75 18 indeed
3213 1200 40 18 will
3265 1205 61 13 never
3338 1200 25 18 be
3374 1200 86 19 allowed
3474 1203 23 17 to
3508 1199 67 24 forget

3038 1229 47 19 how
3095 1229 35 19 she
3140 1228 52 19 feels
3201 1229 64 19 about
3275 1229 51 19 that.

3071 1258 46 18 One
3137 1262 46 18 way
3201 1258 22 18 to
3239 1257 48 24 help
3305 1257 60 19 those
3380 1256 25 20 of
3420 1262 24 14 us
3460 1257 48 19 who
3525 1257 50 19 have

3037 1286 82 19 trouble
3145 1286 151 23 remembering
3319 1291 70 14 names
3413 1286 70 19 would
3506 1286 26 18 be
3553 1287 24 17 to

3038 1315 80 23 require
3135 1319 103 18 everyone
3253 1317 22 16 to
3291 1319 52 14 wear
3357 1320 10 13 a
3382 1319 59 14 name
3456 1317 34 20 tag
3504 1314 20 19 in
3538 1313 39 20 full

3036 1343 60 22 view,
3112 1342 43 23 just
3175 1347 23 14 as
3217 1343 73 23 people
3311 1343 28 19 do
3358 1343 58 19 when
3436 1343 50 23 they
3504 1343 73 18 attend

3038 1371 139 19 conventions
3204 1376 23 14 ox
3251 1371 51 25 dags
3326 1371 102 19 reunions.
3453 1370 90 24 Perhaps
3566 1376 11 14 a

3038 1400 83 23 simpler
3133 1399 102 23 solution,
3246 1399 88 23 though,
3346 1399 68 19 would
3424 1399 26 19 be
3459 1398 34 21 for
3502 1399 75 24 people

3038 1430 22 18 to
3075 1433 112 14 announce
3202 1428 53 18 their
3269 1433 71 14 names
3354 1429 58 17 when
3426 1427 51 24 they
3492 1429 50 19 start
3554 1429 23 18 to

3039 1457 42 19 talk
3100 1458 24 18 to
3144 1461 50 18 you.
3213 1456 58 19 Then
3290 1461 44 18 you
3354 1455 100 20 wouldnt
3475 1457 50 19 have
3542 1456 35 19 the

3038 1485 174 19 embarrassment
3229 1484 25 20 of
3269 1485 68 23 trying
3354 1486 22 18 to
3392 1490 59 18 guess
3466 1484 47 20 who
3527 1484 50 23 they

3038 1519 43 16 are;
3088 1518 44 19 you
3142 1513 70 19 would
3222 1513 70 19 know.

3074 1542 33 19 An
3118 1542 36 19 old
3167 1541 68 20 friend
3248 1541 6 18 I
3267 1544 43 17 met
3319 1547 28 14 on
3357 1542 34 19 the
3401 1544 61 17 street
3473 1542 35 19 the
3518 1541 60 19 other

3039 1571 41 23 day
3097 1570 45 19 told
3161 1575 31 23 nje
3210 1570 26 19 he
3252 1570 40 19 had
3309 1575 10 14 a
3335 1569 90 20 sure-fire
3441 1570 89 19 formula
3546 1570 33 19 for

3039 1599 152 23 remembering
3203 1604 70 14 names
3281 1598 40 20 and
3332 1598 61 20 faces.
3404 1598 52 20 Im
3466 1599 20 18 in
3495 1604 11 14 a
3515 1599 63 23 hurry

3039 1628 53 23 right
3108 1627 70 24 now,
3192 1627 26 19 he
3232 1628 51 22 said,
3298 1627 51 19 but
3362 1627 37 19 call
3412 1632 32 15 me
3456 1632 28 19 up
3495 1627 40 19 and
3548 1626 30 20 Ill

3038 1657 44 23 give
3091 1662 44 17 you
3145 1657 36 19 the
3191 1656 73 20 details
3272 1661 49 14 over
3330 1656 35 19 the
3375 1655 92 24 phone.

3074 1684 8 20 I
3097 1690 38 14 can
3150 1684 73 24 hardly
3236 1685 47 19 wait
3295 1686 23 18 to
3330 1684 38 20 call
3379 1685 51 22 him;
3441 1684 38 20 Im
3491 1690 46 14 sure
3548 1684 31 20 his

3040 1714 88 19 number
3143 1714 16 19 is
3173 1714 21 18 in
3209 1713 35 19 the
3258 1713 65 20 book.
3339 1713 51 19 Now
3404 1712 16 20 if
3433 1712 8 20 1
3453 1714 51 23 only
3516 1714 63 19 could

3039 1743 117 18 remember
3165 1743 32 18 his
3206 1747 60 14 name
3276 1743 4 18 .
3292 1743 19 18 ..

2471 1806 259 94 Mail

2453 1914 62 36 On
2550 1914 180 37 Harvard
2772 1916 81 35 and
2872 1916 163 48 housing

2449 1971 78 20 Editor.
2537 1972 120 19 Chronicle;

2483 2001 7 19 I
2505 2003 83 22 request
2601 2001 35 19 the
2648 2001 131 24 publication
2789 2001 26 19 of

2448 2029 41 20 this
2505 2029 62 20 letter
2584 2029 33 20 for
2634 2030 33 19 the
2685 2035 92 18 purpose
2789 2029 27 20 of

2448 2058 176 25 conveying
2662 2058 75 19 both
2773 2064 40 19 my

2448 2087 149 23 compliments
2610 2087 40 20 and
2664 2087 115 24 sympathy
2789 2089 24 18 to

2448 2116 35 19 the
2503 2116 83 24 Agassiz
2605 2118 26 18 st.
2647 2117 141 23 community.
2805 2116 7 19 I

2448 2145 77 19 extend
2550 2150 36 18 my
2610 2145 149 23 compliments
2780 2145 33 19 for

2449 2173 52 20 their
2519 2174 124 23 opposition
2662 2175 24 18 to
2706 2173 107 20 Harvards

2448 2202 113 20 disastrous
2587 2203 59 23 plans
2673 2202 34 20 for
2731 2202 82 20 Norton

2448 2230 81 20 Woods.
2542 2230 8 20 1
2562 2236 80 18 convey
2655 2236 35 19 my
2699 2230 113 25 sympathy

2447 2259 21 19 in
2492 2259 35 20 the
2550 2259 120 20 realization
2692 2259 45 19 that
2760 2259 53 20 their

2447 2288 107 19 efforts
2589 2288 49 19 will
2671 2288 142 24 ultimately

2448 2317 111 19 culminate
2569 2317 21 19 in
2600 2316 76 20 defeat.

2482 2345 37 19 Mr.
2549 2344 115 20 Moultons
2693 2344 119 24 (Harvards

2446 2374 187 20 ambassador
2668 2373 72 21 from
2776 2374 36 19 its

2446 2402 140 23 Department
2618 2402 25 20 of
2672 2401 140 24 Community

2448 2429 185 24 Destruction)
2666 2432 147 18 statements

2447 2460 144 24 concerning
2622 2459 83 20 Norton
2737 2459 76 20 Woods

2447 2488 88 20 reflect
2569 2488 41 19 the
2644 2488 168 19 fundamental

2446 2517 147 20 realization
2626 2517 54 20 that
2714 2516 98 21 Harvard

2447 2545 118 25 University
2582 2552 40 13 was
2636 2545 116 25 developed
2767 2546 45 19 into

2447 2580 26 14 an
2496 2575 111 19 economic
2631 2575 136 23 corporation
2791 2575 21 19 in

2447 2603 107 21 which
2596 2603 217 21 educational

2448 2633 146 24 development
2617 2632 16 20 is
2654 2632 38 20 but
2714 2638 12 14 a
2744 2632 69 20 minor

2447 2662 123 24 subsidiary.

2482 2690 25 20 In
2542 2691 39 19 the
2612 2690 111 25 preceding
2754 2696 59 18 years

2447 2720 113 23 university
2577 2719 171 24 representatives
2762 2719 51 20 have

2448 2749 80 24 spoken
2539 2748 108 24 profusely
2659 2754 29 14 on
2700 2749 35 19 the
2746 2748 66 20 Role

2447 2777 28 20 of
2506 2778 36 19 the
2575 2777 118 24 University
2725 2778 21 19 in
2777 2777 36 20 the

2448 2805 158 26 community;
2630 2808 34 22 yet
2690 2807 35 19 the
2750 2807 63 24 tragic

2447 2834 58 21 fact
2539 2836 105 19 remains
2677 2835 54 20 that
2765 2835 49 20 this

2448 2864 135 24 relationship
2612 2865 89 19 consists
2727 2864 26 20 of
2777 2864 36 19 the

2447 2892 132 25 universitys
2605 2893 142 25 exploitation
2772 2893 41 19 and

2448 2923 147 22 development
2609 2928 29 14 on
2652 2922 36 20 the
2703 2928 41 13 one
2758 2922 54 19 hand

2447 2951 40 19 and
2501 2951 37 20 the
2549 2950 152 25 communitys
2713 2951 100 24 suffering

2448 2979 39 20 and
2504 2980 131 20 destruction
2651 2985 30 14 on
2695 2979 36 20 the
2744 2979 68 19 other.

2448 3010 108 23 However,
2583 3016 22 13 as
2631 3010 65 24 today
2723 3015 31 14 we
2780 3015 32 13 see

2449 3039 89 20 Harvard
2570 3039 106 24 engulfing
2710 3038 103 20 Riverside

2448 3068 56 20 and
2543 3067 64 21 MIT
2645 3067 168 24 devouring

2448 3097 181 23 Cambridgeport,
2643 3097 40 19 will
2699 3099 114 17 tomorrow

2831 1973 58 25 bring
2900 1974 54 19 their
2964 1975 75 19 united
3050 1974 67 20 effort
3128 1975 21 19 in
3162 1975 36 19 the

2830 2003 148 24 development
2997 2003 26 19 of
3038 2009 10 13 a
3066 2005 130 22 tax-exempt

2829 2031 134 20 educational
2981 2029 120 22 Prudential
3120 2032 78 20 Center

2829 2065 32 15 on
2893 2060 100 21 Central
3027 2061 103 25 Square?
3164 2062 32 19 An

2829 2090 103 24 exquisite
2958 2092 124 18 attestment
3108 2092 23 18 to
3155 2091 41 19 this

2829 2118 150 24 phenomenon
2996 2119 16 19 is
3027 2119 37 19 Mr.
3080 2119 116 19 Moultons

3212 1977 47 18 very
3271 1971 133 24 appropriate
3416 1970 128 24 description
3553 1970 24 19 of

3213 2000 89 20 Harvard
3327 1999 116 24 University
3468 1999 61 19 when
3550 1999 26 19 he

3212 2029 76 20 stated;
3299 2028 78 20 Were
3386 2029 20 19 in
3416 2029 35 19 the
3460 2028 41 20 real
3509 2030 67 18 estate

3212 2057 118 21 business!

3272 2086 149 20 LAWRENCE
3430 2086 27 19 W.
3469 2086 107 19 FRISOLI

3370 2115 28 20 99
3407 2115 134 24 Trowbridge
3549 2116 27 18 st.

2448 3137 145 36 Liacos
2612 3138 62 35 bill

2443 3200 80 24 Editor,
2531 3201 120 19 Chronicle;

2477 3230 18 18 A
2517 3229 37 20 bill
2573 3229 33 19 for
2625 3229 35 19 the
2679 3229 87 19 services
2784 3228 25 20 of

2443 3257 106 21 Professor
2561 3258 73 20 Liacos
2643 3264 40 14 was
2692 3258 115 19 submitted

2443 3289 26 17 to
2502 3287 41 19 the
2575 3287 47 24 City
2653 3287 90 20 Council
2775 3287 33 19 for

2443 3315 102 24 $22,672.
2561 3316 95 23 Looking
2669 3316 91 23 through
2772 3315 35 19 the

2442 3349 48 19 eyes
2504 3344 25 20 of
2543 3350 63 18 many
2621 3344 87 20 families
2723 3344 62 19 thats
2796 3349 11 14 a

2443 3374 29 19 lot
2489 3373 25 19 of
2530 3378 85 18 money,
2632 3379 23 14 so
2671 3373 35 20 its
2723 3379 10 13 a
2750 3372 59 20 relief

2443 3402 59 18 when
2514 3407 43 18 you
2570 3402 72 19 realize
2654 3401 46 20 that
2712 3402 21 18 in
2744 3407 12 13 a
2764 3401 43 24 city

2443 3430 24 20 of
2482 3436 58 14 more
2557 3431 51 19 than
2626 3430 92 24 100,000
2733 3430 75 24 people

2443 3459 43 19 that
2504 3461 99 17 amounts
2620 3461 23 17 to
2659 3459 39 19 less
2715 3459 50 19 than
2780 3458 27 20 22

2442 3489 58 18 cents
2511 3493 11 13 a
2533 3493 83 18 person.
2629 3487 7 19 I
2646 3487 56 20 cant
2712 3487 48 23 help
2770 3487 37 20 but

2442 3516 60 19 think
2519 3516 15 19 it
2552 3521 41 14 was
2610 3516 34 19 the
2662 3516 105 19 intention
2784 3515 24 20 of

2443 3544 34 19 the
2494 3544 43 23 city
2555 3549 102 19 manager,
2674 3544 36 19 the
2728 3549 79 18 mayor,

2442 3573 39 19 and
2502 3573 35 19 the
2554 3573 83 20 council
2655 3575 22 18 to
2693 3573 115 19 embarrass

2442 3602 39 19 and
2504 3601 108 20 humiliate
2634 3602 35 19 the
2691 3602 76 23 people
2785 3601 21 20 in

2442 3631 41 19 this
2494 3631 159 23 neighborhood
2665 3631 30 23 by
2707 3631 69 23 trying
2784 3632 23 18 to

2441 3661 68 18 create
2524 3659 35 19 the
2573 3659 124 24 impression
2712 3664 30 14 we
2757 3659 50 19 have

2442 3691 37 21 put
2498 3694 11 13 a
2528 3688 83 19 terrible
2628 3688 81 19 burden
2726 3693 28 14 on
2772 3688 34 26 tjje

2442 3719 39 17 rest
2505 3716 26 20 of
2554 3716 35 19 the
2611 3717 50 22 city.

2575 3751 43 20 The
2638 3753 76 22 people
2731 3752 20 19 in
2769 3751 40 20 this

2444 3783 44 22 part
2510 3781 25 19 of
2556 3781 35 19 the
2613 3781 43 24 city
2675 3781 63 19 could
2759 3781 49 19 have

2443 3810 59 19 cared
2522 3810 39 19 less
2578 3808 17 21 if
2611 3810 35 19 the
2664 3810 144 23 investigation

2444 3845 40 13 was
2498 3839 47 19 held
2557 3839 21 19 in
2592 3838 83 20 Dunkin
2688 3838 89 20 Donuts.
2791 3838 17 19 It

2444 3873 40 14 was
2500 3868 35 19 the
2552 3868 80 23 quality
2650 3867 24 20 of
2691 3868 35 19 the
2744 3867 64 23 work,

2443 3899 43 17 not
2520 3897 41 19 the
2594 3897 88 23 quality
2716 3896 93 24 working

2443 3925 120 20 condition!
2584 3925 43 19 that
2647 3925 100 19 counted.

2486 3961 129 20 DARLEEN
2625 3962 185 20 BONISLAWSKI

2676 3990 43 20 309
2730 3991 45 19 Elm
2784 3995 25 16 st.

114 151 125 27 SIX

1674 169 162 20 CAMBRIDGE
1847 171 156 20 CHRONICLE

3345 181 129 20 JANUARY
3484 183 21 21 4.
3516 183 57 20 1973

1695 4354 164 23 FIGUEROA
1871 4352 134 22 MARKET

1703 4384 51 15 Am*
1759 4389 16 11 ic
1775 4388 22 11 an
1806 4384 35 15 and
1850 4383 75 18 Spanith
1936 4382 61 17 Food*

1782 4407 43 15 Fraa
1834 4406 80 18 De(iw*fy

1750 4431 81 16 S*rtciO
1841 4431 108 14 Adomitilio

1693 4457 28 18 45
1731 4457 93 18 PtoMant
1834 4456 22 18 St
1867 4455 4 24 ,
1879 4455 124 24 Cambridge

1677 4486 54 19 Hora
1749 4485 47 19 7am
1850 4485 42 23 11
1892 4485 29 23 pm,
1939 4484 11 18 7
1969 4484 55 22 Dias,

1672 4517 2 23 .
1790 4519 42 21 364
1841 4517 58 20 6888

2279 4055 129 38 CHRIST
2427 4056 155 38 CHURCH

2316 4117 116 29 Harvard
2447 4116 98 37 Square

2210 4186 43 21 The
2264 4187 42 19 Rev
2324 4187 26 20 W,
2362 4188 81 24 Murray
2454 4188 95 24 Kenney,
2560 4188 77 20 Rector

2092 4215 112 25 Saturday,
2212 4215 92 26 January
2313 4216 21 22 6,
2346 4215 54 21 1973
2440 4216 66 20 Mass
2517 4216 32 22 for
2560 4215 67 21 Now
2639 4216 67 21 11:00
2713 4215 43 21 P.M

2159 4243 98 21 Informal
2269 4245 68 26 Agape
2351 4256 16 3 -
2377 4245 109 26 Liturgical
2497 4245 193 28 Experimentation

2278 4272 93 27 Sunday,
2380 4273 90 29 January
2481 4273 21 21 7.
2515 4274 53 21 1973

2139 4301 53 20 800
2201 4302 16 19 A
2229 4302 17 18 M
2266 4301 40 20 and
2320 4302 23 20 12
2354 4302 61 20 Noon
2454 4301 74 22 HOLY
2537 4302 172 21 COMMUNION

2134 4330 65 19 10:00
2209 4330 15 19 A
2237 4330 18 18 M
2273 4328 76 22 HOLY
2358 4330 170 21 COMMUNION
2540 4332 57 20 AND
2606 4330 112 21 SERMON

2158 4358 42 21 The
2212 4358 48 21 Rev.
2271 4358 54 21 John
2335 4359 71 22 Snow.
2416 4360 54 21 Prof.
2481 4360 89 21 Pastoral
2580 4360 107 26 Theology

2252 4387 108 27 Episcopal
2370 4388 77 21 School
2458 4389 25 21 of
2491 4388 107 27 Theology

2134 4416 75 21 Coffee
2221 4416 57 21 Hour
2289 4417 39 20 and
2338 4416 119 22 Discussion
2470 4417 107 27 following
2587 4418 39 20 this
2635 4419 76 19 service

2168 4445 249 27 Nursery-Kindergarten
2429 4445 136 22 Educational
2575 4447 105 26 Offerings

2179 4473 186 22 WEDNESDAYS
2406 4474 66 21 12:10
2481 4476 61 19 Noon
2553 4476 79 19 Service
2643 4475 23 20 of

2321 4504 52 25 Holy
2384 4502 143 23 Communion

2897 2160 79 22 FAITH
2989 2161 149 23 LUTHERAN

2956 2190 112 23 CHURCH

2887 2219 35 17 311
2933 2220 145 19 BROADWAY,
3086 2220 73 16 CAMB.

2899 2243 77 16 Richard
2986 2243 19 16 E.
3014 2243 64 19 Olson,
3086 2243 62 16 Pastor

2878 2266 52 17 SUN.
2939 2266 113 19 WORSHIP,
3061 2266 59 17 10:30
3126 2271 44 12 a.m.

2885 2289 56 17 Adult
2951 2290 50 16 Bible
3010 2289 48 17 Class
3066 2289 47 17 9:15
3120 2294 43 12 a.m.

2894 2312 74 20 Sunday
2977 2313 69 16 School
3053 2313 50 17 9:15
3109 2316 43 13 a.m.

2932 2336 27 15 All
2968 2336 49 18 Ages
3024 2336 91 15 Welcome

3280 2163 243 30 UNIVERSITY

3292 2195 220 31 LUTHERAN

3313 2226 176 31 CHURCH

3253 2267 89 19 Dunster
3351 2266 17 19 &
3377 2265 110 22 Winthrop
3495 2264 41 19 Sts.

3263 2295 89 19 Harvard
3361 2294 86 23 Square,
3455 2294 73 18 Camb.

3264 2323 93 23 Worship
3367 2323 12 19 9
3389 2323 40 19 and
3440 2322 26 19 It
3476 2327 49 14 ajn.

3102 2407 219 82 STAR

2958 2509 485 81 PHARMACY

2904 2640 599 51 EXPERIENCE-INTEGRITY-SERVICE

3302 2907 144 52 Health
3469 2907 35 52 Is

3290 2981 80 52 Our
3387 2981 116 53 Main

3329 3054 171 55 Concern

2962 3176 197 33 Whatever
3184 3181 31 29 is
3241 3189 197 29 necessary
3464 3185 34 27 to

2961 3229 95 39 keep
3085 3240 95 28 your
3206 3230 134 39 family
3368 3234 38 29 in
3434 3232 62 33 the

2959 3282 91 38 pink
3068 3306 5 7 .
3090 3307 7 6 .
3115 3308 5 5 .
3138 3283 117 37 you'll
3283 3284 82 31 find
3392 3285 101 32 here.

2960 3334 81 31 First
3060 3335 60 30 aid
3140 3336 164 38 supplies,
3325 3338 169 33 vitamins,

2960 3386 171 32 medicine
3151 3387 140 32 cabinet
3309 3390 98 30 items
3425 3400 69 21 can

2958 3440 44 30 be
3019 3439 175 33 obtained.

3046 3537 65 23 Fast
3128 3536 118 25 Service
3266 3535 194 25 Ouarantmmd

3030 3626 102 39 OUR
3151 3626 228 40 SERVICES

2924 3682 34 19 An
2970 3684 143 21 outstanding
3125 3684 125 22 reputation
3264 3684 33 18 for
3309 3684 37 19 the
3358 3685 82 21 variety
3452 3685 24 19 of
3487 3690 41 15 our

2873 3713 94 18 services
2991 3713 40 19 has
3053 3714 55 19 been
3131 3714 37 19 the
3192 3719 77 14 reason
3292 3715 34 18 for
3347 3720 40 14 our
3407 3717 120 18 continued

2872 3744 89 20 growth.
2996 3744 59 18 Even
3073 3748 31 18 so,
3122 3749 32 14 we
3173 3745 22 18 at
3215 3745 49 18 Star
3281 3750 39 14 are
3338 3745 79 22 always
3435 3746 92 23 seeking

2871 3776 59 19 ways
2945 3773 23 18 to
2985 3773 100 22 Improve
3100 3778 42 14 our
3158 3774 95 19 services
3267 3779 26 14 so
3310 3775 47 18 that
3373 3780 42 17 yon
3431 3780 50 19 may
3499 3777 27 18 he

2871 3802 71 18 better
2957 3803 107 18 satisfied.

2909 3868 150 23 Prescription
3085 3868 90 22 Pick-up

2903 3893 42 18 and
2961 3893 103 22 Delivery

2910 3938 133 22 Emergency
3063 3939 91 23 Oxygon

2912 3986 100 21 Surgical
3029 3986 96 22 Support

2908 4009 145 22 Department

3260 3857 158 28 Prescription*
3433 3857 46 18 Com-

3257 3880 100 24 pounded
3378 3882 26 19 by
3426 3880 10 19 7
3459 3880 61 23 Regis-

3256 3905 61 19 tered
3335 3905 145 17 Pharmacists

3262 3948 85 21 Charge
3362 3948 111 18 Accounts

3264 3990 96 21 Surgical
3380 3989 84 22 Supply

3258 4013 124 21 Subsidiary

2866 4151 2 13 i
2879 4151 82 13 eeee

2916 4087 118 21 Medicare.
3050 4087 116 21 Medicaid,
3182 4087 79 19 Medex
3276 4087 42 19 and
3336 4087 40 18 Aid
3393 4089 21 17 to
3430 4088 39 19 the

2989 4117 65 19 Blind
3066 4118 161 22 Prescriptions
3238 4117 43 19 and
3294 4117 100 20 Services

3482 4140 46 27 -J

3090 4195 218 84 STAR

2942 4302 483 81 PHARMACY

2872 4409 111 23 115-119
3001 4409 141 26 Hampshire
3157 4409 41 25 St..
3215 4409 138 27 Cambridge
3370 4422 9 5 -
3396 4410 129 22 864-2900

2869 4444 49 23 Our
2932 4444 61 28 Only
3011 4444 110 23 Location
3234 4444 20 21 A
3271 4444 60 23 Now
3348 4444 101 29 England
3467 4444 8 23 I
3478 4448 49 22 nag.

2903 4490 139 25 24-HOUR.
3061 4491 14 21 7
3095 4491 70 26 DAY,
3183 4490 169 24 TELEPHONE
3371 4491 118 24 SERVICE
