3716 4754
820 201 1044 189 Cambridge
1980 201 1045 189 Chronicle

153 505 104 23 Founded
269 508 41 20 126
321 508 63 21 Years
393 510 47 24 Ago

1051 509 157 23 THURSDAY,
1218 510 130 19 JANUARY
1359 512 20 21 4.
1393 512 54 19 1973

2315 513 171 22 CAMBRIDGE.
2496 515 229 20 MASSACHUSETTS

3374 520 97 21 SINGLE
3481 521 71 19 COPY
3564 521 38 22 16d

148 1288 333 71 Council
519 1315 349 44 reverses
907 1288 235 86 itself;

155 1393 149 70 will
341 1419 161 71 pay
541 1395 303 71 Liacos’
886 1396 125 70 fee

152 1517 130 68 for
319 1517 308 94 Largey
667 1517 550 92 investigation

187 1633 44 19 The
246 1633 43 23 city
304 1632 92 23 council,
411 1635 21 17 at
446 1638 10 13 a
468 1632 77 24 special
558 1632 90 24 meeting
660 1631 38 19 last

152 1661 129 23 Wednesday
294 1661 67 23 night,
373 1661 94 19 reversed
479 1660 57 20 itself
547 1661 41 19 and
599 1660 64 19 voted
675 1661 23 18 to

153 1695 39 19 pay
220 1689 49 20 B.U.
295 1690 46 18 Law
368 1689 106 19 Professor
500 1689 48 19 Paul
571 1689 73 19 Liacos
665 1688 33 20 for

152 1719 131 22 conducting
297 1724 25 14 an
334 1719 148 22 investigation
495 1719 46 18 into
552 1718 36 22 tfie
600 1717 63 19 death
674 1716 26 20 of

154 1747 109 19 Lawrence
276 1748 85 22 Largey.

193 1785 30 22 By
238 1790 10 14 a
262 1787 50 17 vote
326 1785 25 19 of
366 1785 43 23 5-2,
423 1785 36 19 the
473 1785 84 19 council
571 1785 84 24 okayed
667 1785 35 19 the

157 1814 134 23 appropriate
306 1814 90 19 transfer
407 1814 25 20 of
443 1814 65 20 funds
519 1820 24 14 so
555 1814 73 20 Liacos
639 1814 63 19 could

157 1842 25 19 be
200 1843 47 23 paid
266 1842 35 19 the
318 1842 133 23 $22,672.40
465 1843 26 19 he
506 1844 88 23 charged
609 1843 36 19 the
660 1844 42 23 city

157 1871 33 19 for
205 1872 36 18 the
256 1872 143 22 independent
415 1872 147 23 investigation
574 1872 68 19 which
654 1872 48 24 City

157 1900 96 24 Manager
269 1900 55 20 John
340 1900 24 19 H.
376 1900 106 20 Corcoran
496 1901 40 18 had
548 1901 63 19 asked
623 1900 44 20 him
679 1903 23 17 to

157 1929 93 19 conduct
265 1929 55 19 after
335 1928 96 25 Largey’s
444 1929 64 19 death
523 1929 21 19 in
559 1934 10 14 a
584 1929 67 23 police
664 1929 38 19 cell

157 1957 94 22 October
262 1957 34 20 22.

193 1996 81 20 Liacos’
287 1997 148 24 investigation
450 1997 91 21 resulted
556 1997 20 19 in
591 2003 11 13 a
616 1997 86 24 lengthy

158 2028 70 21 report
241 2026 68 18 which
321 2031 43 14 was
371 2025 79 20 critical
459 2025 26 20 of
493 2026 127 23 procedures
629 2026 73 19 within

157 2055 36 18 the
221 2055 67 23 police
314 2055 132 23 department
471 2055 42 19 and
538 2055 164 19 recommended

159 2082 163 25 ’‘appropriate’’
343 2083 134 24 disciplinary
500 2084 71 19 action
594 2083 78 24 against
691 2089 11 14 a

158 2113 88 18 number
254 2112 27 19 of
287 2112 69 24 police
364 2112 96 19 officers.

191 2147 44 19 The
249 2147 36 19 bill
300 2146 45 20 first
361 2148 55 18 went
431 2145 74 20 before
521 2146 34 19 the
570 2145 85 20 council
669 2145 33 19 for

157 2175 99 24 approval
270 2175 117 20 December
404 2175 33 22 18,
450 2175 37 19 but
500 2180 41 14 was
554 2175 97 19 knocked
663 2176 39 17 out

157 2205 60 18 when
228 2205 52 23 only
291 2204 134 19 Councillors
435 2204 84 19 Francis
528 2203 25 20 H.
564 2204 87 23 Duehay
661 2202 41 20 and

158 2234 78 19 Robert
247 2233 115 20 Moncreiff
370 2234 64 18 voted
444 2235 24 18 to
477 2238 41 18 pay
528 2233 22 19 it.

192 2263 27 19 At
234 2263 38 19 last
287 2262 148 22 Wednesday’s
449 2262 99 22 meeting,
561 2262 87 22 Duehay
661 2261 40 19 and

729 1627 115 20 Moncreiff
868 1634 53 13 were
943 1628 73 23 joined
1039 1629 28 23 by
1090 1628 73 24 Mayor
1185 1629 87 20 Barbara

729 1657 134 19 Ackermann
874 1658 42 19 and
927 1657 133 20 Councillors
1072 1657 92 20 Saundra
1174 1658 98 22 Graham,

729 1685 70 23 Henry
809 1686 77 19 Owens
895 1686 40 19 and
945 1686 75 19 Walter
1029 1686 90 19 Sullivan
1129 1687 21 18 in
1159 1692 11 14 a
1180 1692 59 13 move
1249 1688 23 18 to

728 1714 50 19 have
789 1714 35 20 the
834 1721 94 13 measure
937 1715 154 19 reconsidered.

764 1743 61 19 After
852 1749 57 13 some
935 1744 116 19 discussion
1075 1749 30 14 on
1129 1745 35 19 the
1189 1745 84 24 figures,

729 1772 96 24 Duehay,
849 1773 99 22 Graham,
973 1773 122 23 Moncreiff,
1119 1773 90 20 Sullivan
1231 1774 41 18 and

729 1801 134 19 Ackermann
874 1802 64 19 voted
950 1804 24 17 to
986 1807 40 18 pay
1039 1802 35 19 the
1087 1802 42 19 bill.
1141 1802 132 19 Councillors

729 1830 72 19 Daniel
818 1830 87 19 Clinton
920 1831 41 18 and
976 1830 73 21 Alfred
1064 1830 22 20 E.
1102 1831 92 19 Vellucci
1208 1832 64 19 voted

729 1860 77 22 against
822 1860 40 18 and
877 1859 77 20 Owens
967 1860 65 19 voted
1046 1862 90 21 present.
1150 1860 122 19 Councillor

728 1888 92 19 Thomas
830 1888 87 23 Danehy
928 1894 41 13 was
978 1888 80 20 absent.

766 1914 73 19 Liacos
871 1915 121 23 reportedly
1025 1915 73 23 agreed
1128 1916 24 18 to
1181 1915 28 19 do
1238 1914 35 20 the

730 1943 146 23 investigation
887 1943 34 19 for
931 1943 40 19 $75
982 1948 37 18 per
1028 1943 60 19 hour.

764 1971 44 19 The
820 1971 54 19 total
886 1971 24 19 of
922 1971 134 23 $22,672.40
1068 1977 42 14 was
1121 1972 80 19 broken
1210 1972 63 19 down

729 2000 28 23 by
768 1999 74 20 Liacos
851 2005 21 14 as
881 1999 92 20 follows;

764 2028 117 20 secretarial
891 2028 49 24 help
978 2028 95 21 $498.76

764 2057 150 24 stenographer
926 2067 16 3 -
953 2057 96 20 $450.00

764 2091 72 14 rooms
845 2088 21 17 at
877 2085 62 20 Hotel
949 2086 89 19 Sonesta
1049 2095 16 5 -
1076 2086 116 22 $3,088.05

765 2114 81 20 Liacos’
855 2114 34 19 fee
900 2125 17 3 -
928 2114 132 24 $18,635.59

765 2143 74 19 Liacos
850 2143 44 19 said
903 2143 26 19 he
938 2145 62 22 spent
1011 2139 42 23 246
1062 2143 41 19 and
1112 2143 59 19 three
1180 2145 93 22 quarters

729 2172 65 19 hours
805 2171 130 24 performing
946 2172 36 19 the
992 2172 153 23 investigation.
1156 2171 29 20 He
1195 2172 42 19 said
1248 2171 24 19 he

729 2206 42 14 was
787 2201 76 24 willing
881 2203 24 17 to
921 2201 54 22 drop
991 2206 12 14 a
1017 2201 73 23 charge
1105 2201 25 19 of
1143 2200 95 22 $503.79
1253 2201 20 19 in

728 2232 117 17 restaurant
865 2229 47 19 bills
930 2231 22 18 at
971 2229 35 19 the
1027 2229 89 20 Sonesta
1135 2230 21 19 in
1171 2229 63 19 order
1250 2231 23 18 to

728 2258 100 22 expedite
837 2260 101 20 payment
948 2257 25 20 of
981 2258 36 19 the
1027 2258 42 19 bill.

351 1218 154 20 CORCORAN

155 2349 323 55 Anti-war
511 2347 310 56 activities

153 2448 197 77 being
383 2448 297 77 planned
714 2450 66 55 in
816 2450 124 75 city

188 2571 18 19 A
219 2577 68 17 group
301 2570 26 20 of
339 2571 66 19 about
421 2571 43 19 300
475 2572 96 18 anti-war
581 2573 118 22 protestors

153 2600 99 19 marched
266 2602 25 17 to
304 2600 36 19 the
355 2600 63 19 home
430 2600 26 20 of
466 2599 48 21 U.S.
530 2601 168 23 Representative

153 2628 92 20 Thomas
259 2629 20 18 P.
291 2628 90 23 O’Neill,
393 2629 28 19 Jr.
433 2634 29 14 on
475 2629 79 19 Russell
566 2631 26 17 st.
605 2629 93 24 Monday

153 2660 23 17 to
185 2658 36 19 ask
231 2658 43 19 him
285 2660 23 17 to
317 2660 89 21 support
416 2664 104 13 measures
529 2661 24 16 to
560 2659 42 18 end
613 2658 35 19 the
658 2664 41 13 war

153 2686 20 19 in
183 2686 99 19 Vietnam
291 2686 29 24 by
329 2686 83 24 cutting
420 2686 35 20 off
463 2686 71 20 funds.

188 2715 81 20 O’Neill
285 2721 41 14 was
340 2716 21 19 in
373 2716 142 23 Washington,
527 2716 38 19 but
578 2716 35 19 the
625 2721 75 19 group,

153 2745 69 19 which
249 2744 100 20 included
376 2747 77 17 actress
477 2745 51 19 Jane
553 2745 80 23 Fonda,
658 2751 42 13 was

152 2775 85 22 greeted
270 2776 20 17 at
320 2774 33 19 his
381 2774 63 19 home
474 2774 29 23 by
533 2773 99 21 O’Neal’s
661 2780 38 13 son

152 2802 147 23 Christopher,
316 2802 36 23 23,
369 2803 41 19 and
426 2808 13 14 a
454 2803 73 23 family
543 2803 77 23 friend,
635 2803 64 19 Leslie

156 2832 84 22 Donati,
261 2832 44 19 also
326 2832 36 23 23,
378 2832 25 19 of
419 2832 75 19 Dover.
511 2832 58 23 They
587 2832 71 23 signed
675 2837 25 14 an

155 2861 137 19 end-the-war
319 2861 92 23 petition
439 2861 68 19 which
534 2860 36 20 the
597 2860 104 19 marchers

157 2890 117 22 presented.

190 2918 44 19 The
257 2919 78 22 march,
358 2918 115 24 sponsored
496 2919 29 23 by
547 2918 36 19 the
602 2918 99 19 Vietnam

157 2947 112 24 Solidarity
286 2947 137 23 Committee,
439 2947 76 19 kicked
529 2947 35 19 off
576 2952 12 14 a
602 2947 63 19 series
677 2946 24 20 of

156 2976 102 19 activities
272 2976 27 23 by
315 2976 53 19 local
383 2980 63 19 peace
461 2976 113 19 advocates
587 2975 69 19 which
668 2977 33 17 art

157 3005 97 23 designed
272 3006 23 18 to
313 3004 58 20 force
388 3004 107 20 President
510 3004 71 20 Nixon
595 3006 23 18 to
633 3004 43 23 sign
691 3010 10 13 a

157 3033 105 19 cease-fire
277 3035 120 22 agreement
411 3033 51 19 with
477 3032 69 20 Hanoi
560 3033 40 19 and
613 3032 40 19 end
667 3032 34 19 the

157 3067 47 14 war.

192 3091 85 24 Among
285 3090 35 20 the
329 3091 110 19 activities:

190 3119 45 19 The
247 3119 89 19 Medical
349 3119 40 20 Aid
402 3119 33 19 for
444 3119 117 19 Indochina
570 3119 131 23 committee,

156 3149 83 19 located
249 3154 29 14 on
288 3148 60 20 Sixth
358 3150 34 21 st.,
401 3149 126 19 announced
537 3148 21 19 in
567 3147 134 25 Washington

155 3177 97 23 Tuesday
265 3177 15 19 it
292 3177 37 19 has
341 3177 65 19 raised
418 3177 66 19 about
498 3177 112 22 5250,000
618 3179 24 17 to
651 3178 50 18 start

155 3212 12 14 a
194 3206 54 19 fund
275 3208 23 17 to
322 3206 52 19 send
399 3206 88 19 medical
512 3206 123 24 equipment
661 3206 40 19 and

156 3235 93 24 supplies
272 3237 24 18 to
321 3235 69 20 North
414 3235 98 19 Vietnam
537 3235 41 19 and
602 3234 99 20 establish

156 3264 155 20 decentralized
343 3264 71 19 health
446 3264 88 19 services
563 3264 64 19 there.
658 3263 43 21 The

156 3298 124 18 emergency
303 3292 61 20 relief
384 3292 53 20 fund
458 3298 43 14 was
520 3293 78 19 started
618 3292 28 24 by
666 3292 35 20 the

156 3322 95 23 year-old
265 3322 144 23 organization
424 3321 55 19 after
493 3321 36 19 the
544 3321 116 19 December
674 3321 27 21 23

157 3351 95 24 levelling
273 3350 25 20 of
319 3350 87 20 Hanoi’s
429 3351 55 19 Bach
504 3351 41 19 Mai
563 3352 91 23 hospital
675 3352 26 23 by

157 3380 48 20 U.S.
218 3381 45 20 852
276 3382 105 20 bombers.
392 3382 44 20 The
444 3382 85 24 group’s
537 3385 46 21 goal
594 3388 16 13 is
618 3384 24 17 to
651 3387 50 14 raise

157 3409 64 19 about
238 3408 11 21 S
260 3408 11 21 3
282 3408 77 21 million
371 3409 35 18 for
417 3408 89 19 medical
519 3409 39 19 aid.
571 3408 16 19 It
600 3409 52 19 does
663 3411 38 17 not

157 3438 47 23 plan
232 3440 23 17 to
282 3438 82 19 rebuild
393 3438 34 19 the
456 3437 55 19 Bach
538 3437 40 20 Mai
603 3438 98 22 hospital,

157 3467 104 23 however,
291 3467 103 19 “because
424 3466 25 20 of
478 3466 70 19 future
578 3466 123 24 bombing’’,

157 3495 83 20 staffers
250 3501 44 18 say.

230 3525 41 19 the
306 3525 129 19 American
472 3523 101 21 Friends
606 3525 95 19 Service

157 3553 137 23 Committee,
306 3553 84 20 located
402 3556 21 16 at
435 3553 28 19 48
473 3553 73 19 Inman
557 3556 33 20 st.,
599 3556 45 17 sent
654 3553 47 20 four

155 3583 61 19 buses
230 3584 25 19 of
269 3584 76 23 people
360 3586 24 16 to
398 3582 134 24 Washington
544 3585 110 21 yesterday
667 3584 34 19 for

157 3617 12 14 a
192 3611 106 23 Religious
316 3611 147 20 Convocation
483 3611 41 19 and
543 3610 158 24 Congressional

729 2570 115 20 Visitation
874 2571 34 19 for
936 2571 72 19 Peace.
1037 2571 44 19 The
1110 2571 47 24 goal
1185 2571 25 19 of
1238 2571 36 19 the

729 2599 143 19 convocation
889 2600 16 18 is
919 2601 23 19 to
956 2603 34 21 get
1006 2600 36 19 Mr.
1058 2599 71 20 Nixon
1143 2602 24 18 to
1180 2601 43 23 sign
1239 2600 35 20 the

730 2634 58 13 cease
804 2628 38 19 fire
856 2630 120 22 agreement
989 2629 26 19 of
1028 2629 101 22 October,
1143 2629 42 19 and
1198 2628 18 20 if
1228 2629 16 19 it
1258 2629 17 19 is

730 2658 38 18 not
782 2657 81 24 signed,
876 2658 24 18 to
914 2660 33 21 get
961 2657 104 24 Congress
1078 2659 25 18 to
1116 2660 35 17 cut
1166 2657 35 20 off
1211 2657 64 20 funds

730 2685 34 20 for
778 2686 35 19 the
828 2691 49 14 war.
891 2686 43 19 The
950 2686 87 19 Friends
1050 2686 45 19 also
1108 2692 33 13 are
1155 2686 120 24 expressing

730 2714 54 19 their
795 2719 92 14 concern
898 2720 50 14 over
960 2715 93 23 political
1063 2716 105 22 prisoners
1176 2715 20 19 in
1206 2714 69 20 South

730 2743 107 23 Vietnam,
864 2744 41 18 and
932 2744 125 24 continuing
1081 2744 88 19 medical
1193 2744 33 19 aid
1250 2745 25 18 to

730 2772 74 24 Quang
816 2772 51 23 Ngai
879 2771 99 20 Province
990 2772 21 19 in
1023 2771 36 20 the
1071 2772 69 19 South
1151 2773 41 19 and
1204 2775 23 17 to
1239 2773 35 18 the

731 2799 47 21 Viet
789 2800 45 19 Due
844 2801 97 23 teaching
950 2801 92 23 hospital
1051 2801 21 19 in
1081 2800 75 20 Hanoi.

765 2829 59 23 They
856 2835 34 13 are
922 2829 44 19 also
998 2829 106 24 planning,
1135 2829 49 19 with
1213 2829 62 20 other

729 2857 171 24 greater-Boston
912 2863 64 18 peace
987 2863 85 18 groups,
1084 2858 34 20 for
1126 2864 12 14 a
1147 2858 89 23 January
1250 2858 25 20 19

731 2886 49 24 rally
790 2888 21 17 at
821 2886 35 19 the
867 2886 47 19 JFK
925 2886 94 25 budding
1028 2886 21 20 in
1060 2886 87 20 Boston.

768 2933 17 8 t-
800 2925 8 19 t
813 2924 26 19 he
846 2926 12 6 **
870 2923 88 20 Greater
990 2924 80 19 Boston
1103 2924 63 20 Peace
1199 2924 77 20 Action

731 2952 107 19 Coalition
847 2952 38 19 has
893 2952 66 19 called
969 2958 11 13 a
990 2953 91 23 meeting
1091 2952 33 20 for
1133 2952 90 25 January
1233 2953 13 19 7
1255 2955 21 18 at

732 2981 54 19 their
807 2981 151 24 headquarters
978 2982 22 19 in
1020 2981 30 20 St.
1070 2981 77 20 Peter’s
1166 2982 110 24 Episcopal

731 3010 92 22 Church,
848 3010 25 19 IS
896 3010 75 19 Sellers
989 3013 34 20 st.,
1042 3012 24 18 to
1085 3010 48 24 plan
1152 3016 11 14 a
1183 3011 93 20 national

733 3039 69 19 march
821 3045 30 13 on
870 3039 136 23 Washington
1022 3039 91 23 January
1131 3039 34 23 20,
1183 3039 34 19 the
1235 3040 40 23 day

731 3067 106 19 President
851 3067 70 19 Nixon
933 3068 17 19 is
961 3068 137 23 inaugurated
1110 3068 34 19 for
1155 3068 31 20 his
1197 3069 78 19 second

732 3098 59 18 term.

768 3144 17 5 -
795 3135 35 19 the
854 3135 116 19 Indochina
992 3134 63 20 Peace
1077 3134 121 24 Campaign,
1220 3134 25 20 of
1263 3134 12 20 2

733 3164 113 19 Brookline
855 3166 34 21 st.,
898 3163 17 20 is
924 3164 125 24 continuing
1058 3164 26 18 its
1093 3163 107 24 campaign
1210 3165 23 17 to
1242 3165 33 22 get

733 3193 114 24 signatures
858 3192 35 20 for
903 3198 11 14 a
926 3193 92 24 petition
1030 3195 23 17 to
1065 3192 51 20 have
1127 3192 102 25 Congress
1237 3192 39 20 call

733 3221 33 20 for
790 3228 10 13 a
825 3222 80 24 signing
927 3221 27 20 of
976 3221 37 20 the
1037 3220 95 21 October
1155 3226 58 14 cease
1237 3220 38 20 fire

733 3253 125 21 agreement,
870 3253 36 17 cut
919 3250 35 20 off
961 3250 26 20 all
996 3250 34 20 aid
1040 3250 34 20 for
1082 3250 69 20 South
1161 3249 115 20 Vietnam’s

732 3279 107 20 President
853 3279 66 20 Thieu
933 3279 42 20 and
990 3279 121 24 investigate
1126 3279 35 20 the
1173 3278 47 21 U.S.
1232 3279 43 19 role

732 3309 20 19 in
780 3309 55 19 what
863 3309 50 24 they
941 3309 39 19 call
1004 3307 85 21 Thieu’s
1113 3308 115 24 repression
1251 3307 27 20 of

733 3338 93 23 political
835 3340 129 21 opponents.

767 3379 44 19 The
823 3384 68 19 group
902 3380 82 21 reports
995 3378 16 19 it
1023 3377 37 19 has
1074 3377 79 22 18,000
1164 3377 114 23 signatures

733 3413 28 14 on
771 3408 36 19 the
817 3407 91 24 petition
917 3406 84 23 already
1011 3406 40 20 and
1060 3406 68 23 hopes
1136 3408 24 17 to
1169 3406 50 19 send
1228 3406 16 18 it
1254 3407 23 17 to

732 3436 122 24 Congress
887 3436 46 19 and
968 3435 41 21 the
1044 3434 125 20 President
1204 3434 73 19 before

734 3466 146 23 inauguration
890 3466 47 22 day.

770 3504 16 4 -
796 3495 36 19 the
844 3494 43 24 city
898 3493 134 20 Democratic
1041 3493 128 20 Committee
1180 3492 39 19 will
1228 3494 49 17 vote

734 3525 20 17 at
782 3524 26 18 its
835 3525 50 17 next
914 3523 97 24 meeting,
1039 3521 90 24 January
1157 3521 33 23 18,
1212 3526 29 14 on
1266 3527 11 14 a

734 3553 117 19 resolution
867 3553 72 22 urging
957 3551 51 24 Rep.
1027 3551 80 20 O’Neill
1125 3551 39 19 and
1180 3551 98 19 Senators

735 3581 86 20 Edward
838 3580 27 19 M.
881 3580 103 24 Kennedy
999 3580 40 19 and
1054 3579 87 20 Edward
1157 3579 82 20 Brooke
1255 3581 23 17 to

734 3610 59 23 bring
802 3610 66 19 about
877 3615 26 14 an
912 3610 42 19 end
964 3612 23 17 to
997 3609 35 20 the
1042 3615 47 13 war.

837 622 537 72 Hovenanian
1415 651 345 46 answers

884 724 287 71 Willow
1350 724 259 73 St,
1610 730 107 68 criticism

790 835 97 19 Another
906 836 20 18 in
946 836 35 18 the
1002 837 61 17 series
1082 836 25 19 of
1125 837 70 18 letters
1215 842 28 13 on
1263 837 34 19 the

755 865 78 18 Willow
850 867 25 16 st.
894 865 88 22 housing
1000 866 80 22 project
1099 871 39 13 was
1155 866 19 18 in
1190 866 34 18 the
1240 867 59 17 mails

756 894 39 18 this
808 893 65 22 week,
887 894 39 18 this
939 894 50 19 time
1003 893 53 20 from
1069 894 123 23 Cambridge
1205 894 94 24 Housing

756 923 113 22 Authonty
887 922 112 19 Chairman
1016 923 76 19 Gerald
1109 923 133 19 Hovenanian
1259 925 38 17 and

756 952 49 18 Vice
814 952 111 18 Chairman
936 951 74 19 Walter
1021 952 62 19 Reed.

791 981 134 18 Hovenanian
939 981 39 18 and
990 981 56 18 Reed
1057 982 117 22 responded
1186 985 21 16 to
1217 988 11 13 a
1237 983 61 18 letter

755 1009 55 19 from
829 1009 48 23 City
899 1009 96 23 Manager
1014 1009 55 20 John
1090 1010 23 19 H.
1134 1011 106 19 Corcoran
1261 1011 36 19 last

756 1039 57 19 week
830 1039 114 22 criticizing
962 1039 57 18 them
1038 1039 33 19 for
1089 1042 36 17 not
1140 1040 86 23 sending
1240 1039 58 20 HUD

753 1067 59 23 (U.S.
839 1068 138 23 Department
1001 1067 26 20 of
1050 1068 94 24 Housing
1165 1069 39 19 and
1228 1068 70 20 Urban

756 1096 163 23 Development)
936 1102 11 13 a
965 1098 61 17 letter
1040 1097 24 19 of
1078 1098 66 19 intent
1160 1100 23 16 to
1197 1098 100 23 purchase

756 1126 33 19 the
803 1126 87 22 project.
904 1125 58 19 HUD
974 1127 110 22 requested
1098 1127 34 18 the
1146 1127 59 18 letter
1217 1128 25 18 be
1252 1129 45 17 sent

755 1155 27 23 by
796 1155 35 18 the
842 1154 64 22 CHA,
918 1155 51 18 with
982 1155 35 18 the
1028 1156 99 22 purchase
1137 1156 124 22 contingent
1269 1161 29 14 on

756 1183 33 19 the
805 1183 89 23 clearing
908 1188 28 18 up
951 1183 25 19 of
989 1184 78 18 certain
1082 1183 134 21 deficiencies
1230 1185 20 19 in
1263 1185 35 19 the

755 1212 87 23 project.

1355 837 122 23 Answering
1504 839 125 19 Corcoran’s
1656 840 59 22 blast,
1743 841 34 19 the
1804 841 55 19 CHA

1320 865 106 19 members
1457 867 42 18 said
1534 868 49 23 they
1616 868 35 19 felt
1767 869 93 24 Housing

1320 894 115 23 Authority
1453 896 64 21 ought
1536 899 36 16 not
1588 899 22 16 to
1625 898 85 22 provide
1725 898 87 23 housing
1828 898 32 19 for

1320 922 35 18 the
1370 922 40 18 low
1426 928 81 14 income
1523 924 87 19 families
1624 925 25 19 of
1663 926 34 18 the
1709 926 42 23 city
1765 927 66 18 which
1844 927 16 19 is

1320 950 137 19 substandard
1473 957 22 14 or
1510 953 67 19 which
1592 956 19 16 at
1628 954 42 19 best
1685 957 65 16 meets
1762 956 49 22 only
1824 955 35 19 the

1320 979 46 18 bare
1382 980 109 19 minimum
1506 982 109 19 standards
1630 982 32 20 for
1676 983 75 19 decent
1764 984 95 24 housing,

1318 1009 21 16 at
1348 1013 10 13 a
1369 1010 45 17 cost
1424 1008 25 19 of
1457 1008 95 23 $26,000
1560 1016 37 18 per
1607 1011 67 19 unit.”

1353 1035 58 24 They
1444 1037 81 19 refuted
1560 1039 53 19 what
1647 1040 49 23 they
1729 1041 63 19 called
1823 1042 35 18 the

1320 1065 112 22 manager’s
1456 1066 130 23 implication
1611 1067 44 19 that
1681 1069 35 18 the
1740 1068 55 20 CHA
1819 1075 40 14 was

1318 1094 147 18 unconcerned
1481 1094 49 20 with
1546 1095 60 23 being
1621 1101 24 14 an
1660 1098 100 18 advocate
1773 1098 33 19 for
1817 1098 40 19 low

1318 1121 82 19 income
1416 1122 88 19 families
1518 1124 27 23 by
1558 1124 63 23 citing
1633 1125 52 19 their
1697 1129 126 20 acceptance
1834 1127 25 19 of

1318 1150 42 19 684
1381 1152 55 17 units
1455 1151 25 19 of
1497 1152 40 19 low
1557 1153 83 19 income
1657 1154 89 24 housing
1762 1156 21 19 in
1803 1155 51 20 1971

1317 1178 115 24 developed
1443 1180 65 19 under
1518 1181 35 18 the
1562 1181 97 24 Turnkey
1670 1188 101 18 program.

2091 1218 181 19 HOVENANIAN

1375 2635 52 20 THE
1446 2636 97 19 YEAR'S
1562 2636 85 19 FIRST:
1666 2636 63 19 Nurse
1747 2636 80 18 Joanne
1846 2636 85 22 Sugrue,
1947 2635 24 19 of
1988 2635 122 23 Cambridge
2128 2634 101 23 Hospital,
2247 2634 60 19 holds
2321 2634 54 18 little
2391 2634 66 18 Frank

1322 2668 73 22 Miller,
1410 2669 48 17 who
1473 2668 93 22 happens
1580 2671 24 16 to
1615 2668 50 18 have
1677 2673 48 13 won
1737 2668 36 18 the
1785 2667 45 19 first
1842 2667 56 23 baby
1910 2667 24 19 of
1947 2667 57 19 1973
2014 2669 91 16 contest.
2119 2666 66 19 Frank
2197 2671 58 14 came
2267 2669 23 16 to
2302 2669 57 16 town
2371 2669 21 16 at
2403 2665 55 20 3:36

1322 2704 49 15 ajn.
1385 2700 90 22 January
1491 2699 20 23 1,
1525 2700 101 23 weighing
1640 2700 20 18 in
1674 2702 21 16 at
1710 2700 30 18 six
1755 2700 40 18 and
1810 2700 58 18 three
1883 2702 82 20 quarter
1979 2698 91 23 pounds.
2086 2698 34 19 Hit
2135 2701 83 20 parents
2232 2704 32 13 are
2279 2697 52 19 Tom
2346 2697 41 19 and
2399 2697 56 22 Mary

1325 2730 111 21 (Mitchell)
1453 2731 73 22 Miller,
1542 2731 24 19 of
1581 2731 60 19 Mass.
1653 2737 45 13 ave.
1713 2731 28 19 At
1755 2731 35 18 the
1804 2731 46 19 first
1865 2731 56 22 baby
1935 2731 52 19 born
2003 2733 23 17 to
2041 2730 121 23 Cambridge
2177 2733 83 19 parents
2274 2730 19 18 in
2309 2735 10 13 a
2334 2729 122 23 Cambridge

1323 2763 98 21 hospital,
1440 2763 65 19 Frank
1522 2763 51 19 wins
1590 2768 11 14 a
1618 2763 47 19 host
1682 2763 24 19 of
1722 2763 66 21 prizes
1802 2762 56 19 from
1873 2762 122 22 Cambridge
2010 2762 125 19 merchants.
2196 2761 74 22 (Photo
2281 2763 27 21 by
2319 2762 30 18 Ed
2359 2759 101 23 Pacheco)

1326 2833 301 62 Employers
1654 2833 159 46 asked
1842 2843 52 35 to
1921 2834 81 44 tell

1326 2914 122 46 DES
1474 2915 57 44 of
1554 2932 261 44 company
1843 2914 205 62 policies

1359 3001 45 20 The
1415 3001 53 19 local
1480 3001 65 19 office
1554 3000 26 20 of
1588 3000 35 20 the
1632 3000 58 20 Stale

1326 3031 111 19 Division
1469 3029 29 21 of
1530 3029 160 24 Employment

1326 3060 94 23 Security
1439 3059 35 19 has
1488 3059 67 23 begun
1570 3064 12 13 a
1595 3063 94 18 program

1326 3088 23 20 of
1370 3088 72 24 asking
1463 3093 45 14 area
1530 3087 119 24 employers
1667 3089 24 17 to

1326 3118 45 19 visit
1394 3118 34 19 the
1451 3116 95 25 agency’s
1567 3116 123 24 Cambridge

1326 3146 75 20 offices
1425 3148 24 18 to
1472 3146 99 24 acquaint
1593 3146 25 19 its
1640 3144 51 20 staff

1327 3175 49 20 with
1401 3175 36 19 the
1460 3175 108 24 personnel
1592 3174 99 24 practices

1326 3205 40 19 and
1383 3205 126 23 procedures
1526 3203 25 20 of
1564 3203 35 19 the
1613 3203 78 23 private

1326 3236 75 17 sector.

1361 3262 144 24 Management
1534 3260 25 23 of
1584 3260 35 21 the
1646 3260 45 20 Star

1326 3291 80 20 Market
1438 3290 39 20 Co.
1509 3295 41 14 was
1582 3290 34 19 the
1647 3289 44 19 first

1326 3320 144 24 employer
1506 3314 187 27 intervfewed,

1326 3349 111 23 according
1449 3350 23 18 to
1484 3348 81 19 Warren
1577 3347 116 23 Hamilton,

1328 3383 94 18 manager
1440 3377 24 19 of
1477 3377 35 19 the
1528 3376 49 19 DES
1591 3375 65 20 office
1671 3377 20 17 at

1328 3406 41 20 727
1387 3406 160 19 Massachusetts
1565 3410 41 14 ave.
1625 3404 67 19 which

1327 3441 65 14 serves
1416 3435 132 23 Cambridge.
1572 3433 119 19 Somerville

1328 3464 39 19 and
1377 3464 106 23 adjoining
1493 3465 73 16 towns.

1362 3493 54 18 Over
1433 3492 35 19 the
1485 3493 50 18 next
1552 3491 30 19 six
1600 3490 93 23 months,

1329 3521 106 19 Hamilton
1463 3520 51 22 said,
1540 3520 14 19 it
1583 3520 16 18 is
1622 3519 69 23 hoped

1328 3550 60 19 other
1406 3549 52 19 local
1475 3548 119 24 employers
1608 3547 39 20 will
1662 3549 29 16 set

1328 3584 28 18 up
1368 3579 158 22 appointments
1538 3577 50 18 with
1598 3577 35 19 the
1644 3575 49 20 DES

1328 3607 66 19 office
1403 3607 55 19 here.

1362 3634 50 20 The
1446 3634 63 20 local
1542 3633 87 20 offices
1660 3638 33 14 are

1329 3664 93 23 working
1449 3663 50 19 with
1523 3668 11 13 a
1559 3663 87 18 number
1669 3662 24 18 of

1329 3693 91 23 recently
1437 3692 118 23 discharged
1569 3690 124 24 Cambridge

1329 3721 159 20 ex-servicemen
1503 3720 48 19 who
1566 3725 33 14 are
1611 3720 82 22 seeking

1326 3750 55 24 jobs.
1409 3749 96 23 Through
1535 3749 34 18 the
1594 3747 99 20 Veterans

1329 3779 49 19 Unit
1391 3781 20 16 at
1422 3778 34 19 the
1467 3778 42 19 300
1519 3777 62 19 block
1590 3776 68 20 Green
1667 3779 26 17 st.

1329 3807 84 22 offices,
1435 3807 56 19 these
1515 3812 46 14 men
1582 3811 32 13 are
1634 3806 59 23 being

1692 2999 1 20 :
1706 2999 93 20 assisted.

1741 3027 46 20 One
1798 3026 137 24 outstanding
1943 3025 96 24 example
2048 3024 25 20 of

1692 3055 1 21 i
1707 3062 80 14 success
1804 3055 50 20 with
1869 3055 36 19 the
1919 3060 45 14 new
1978 3056 94 17 veterans

1692 3083 1 26 i
1708 3091 46 14 was
1787 3085 110 24 reported
1929 3083 28 24 by
1988 3083 84 19 Charles

1692 3112 1 25 s
1707 3114 97 23 Zineitti,
1834 3113 39 24 job
1904 3112 117 20 counselor.
2055 3112 17 19 A

1692 3141 1 24 :
1708 3144 77 19 former
1804 3142 79 19 Marine
1902 3147 41 14 was
1962 3141 72 24 placed
2052 3141 20 18 in

1692 3170 1 26 i
1708 3173 150 23 security-type
1885 3171 57 19 work
1969 3170 51 19 with
2047 3175 25 14 an

1692 3198 1 26 s
1709 3206 67 15 area
1814 3199 168 25 employer.
2019 3198 55 20 The

1708 3230 168 21 ex-serviceman,
1888 3229 48 18 who
1947 3228 16 19 is
1973 3227 101 23 disabled,

1692 3257 1 26 ■
1709 3265 22 13 so
1743 3258 112 25 impressed
1865 3258 36 18 the
1910 3257 108 24 employer
2028 3257 44 18 that

1692 3286 1 23 :
1709 3288 27 19 he
1768 3293 41 14 was
1841 3286 141 23 immediately
2015 3286 59 23 given

1692 3317 1 23 ,
1709 3317 129 23 supervisory
1848 3318 73 17 status.

1692 3344 1 25 ,
1743 3345 44 20 The
1805 3344 53 20 local
1877 3344 67 19 office
1963 3344 112 19 continues

1692 3372 1 22 t
1709 3377 29 17 to
1774 3373 74 21 refer
1884 3373 36 20 all
1956 3372 118 20 available

1692 3401 1 26 i
1710 3402 159 25 professional
1902 3402 101 23 openings
2034 3401 41 19 and

1692 3429 1 27 i
1709 3433 141 23 applicants
1884 3432 26 18 to
1943 3430 42 19 the
2020 3429 55 20 DES

1710 3460 157 24 computerized
1881 3459 42 19 Job
1938 3459 56 19 Bank
2007 3459 67 19 which

1692 3487 1 24 ,
1710 3490 85 19 services
1804 3489 35 18 the
1848 3488 67 19 entire
1926 3487 148 24 metropolitan

1692 3518 1 19 I
1710 3523 52 14 area.

1692 3545 1 23 t
1747 3546 23 21 In
1804 3546 122 22 addition,
1957 3546 35 18 the
2027 3545 48 19 DES

1692 3573 1 22 I
1710 3575 125 20 announced
1853 3574 44 19 that
1916 3574 34 19 the
1966 3573 110 20 Division’s

1712 3603 136 21 Professional
1865 3603 80 19 Service
1961 3602 77 19 Center
2055 3604 21 17 at

1692 3631 1 21 !
1711 3633 48 19 400
1793 3632 77 20 Totten
1903 3631 57 19 Pond
1992 3631 30 19 rd.
2055 3631 21 18 in

1692 3659 3 24 (
1712 3662 106 21 Waltham,
1828 3661 42 22 just
1883 3659 34 20 off
1929 3659 46 20 Exit
1987 3659 37 21 48,
2032 3661 42 17 east

1692 3687 1 24 !
1711 3690 25 19 of
1756 3690 45 18 Rte.
1824 3688 48 23 128,
1892 3689 38 18 will
1950 3688 56 19 close
2026 3690 19 17 at
2064 3687 13 20 7

1692 3717 2 25 I
1712 3724 49 18 p.m.
1783 3723 28 14 on
1834 3718 126 22 Wednesday
1980 3717 97 23 evenings

1692 3745 2 24 i
1713 3747 77 19 instead
1823 3746 25 20 of
1879 3745 13 19 9
1924 3751 49 18 p.m.
2004 3746 73 22 during

1692 3774 1 25 .
1713 3777 96 22 January,
1825 3775 104 23 February
1944 3775 39 19 and
1999 3774 78 19 March.

1692 3803 2 26 5
1747 3805 43 19 The
1804 3805 64 19 hours
1879 3803 24 19 of
1915 3803 34 19 the
1961 3806 71 16 center
2044 3808 32 14 are

1713 3833 52 20 8:30
1782 3840 10 12 a
1802 3838 27 14 m.
1847 3834 24 18 to
1888 3831 12 21 $
1917 3837 49 18 p.m.
1984 3832 92 22 Monday

1713 3863 89 23 through
1818 3862 74 23 Friday
1907 3862 39 19 and
1963 3861 52 19 8:30
2027 3866 50 17 p.m.

1713 3895 22 16 to
1756 3891 12 19 7
1787 3896 50 18 p.m.
1855 3896 27 13 on
1900 3890 126 22 Wednesday
2044 3889 33 19 for

1714 3921 56 18 these
1780 3920 92 19 months.

1751 4018 147 20 HONORED:
1933 4018 45 19 Mrs.
2012 4018 67 19 Karen

1715 4048 97 18 Schuster
1822 4047 113 22 Forrester,
1947 4048 6 18 I
1967 4047 28 18 St.
2006 4046 74 19 John’s

1716 4078 45 22 id.,
1793 4077 134 22 Cambridge,
1960 4077 34 17 has
2027 4076 52 17 been

1716 4106 93 19 initiated
1823 4107 45 17 into
1880 4105 20 18 Pi
1913 4105 91 18 lambda
2014 4104 65 18 Theta

1715 4137 24 17 at
1778 4134 114 20 Indiana
1931 4133 149 22 University,

1717 4164 155 22 Bloomington,
1884 4163 19 19 Pi
1915 4163 89 19 Lambda
2015 4163 64 17 Theta

1716 4194 18 18 is
1767 4199 10 12 a
1813 4193 94 18 national
1941 4192 66 18 honor
2039 4191 40 19 and

1716 4222 141 23 professional
1889 4221 125 18 association
2047 4219 33 20 for

1717 4257 80 12 women
1807 4257 19 12 in
1837 4251 113 18 education

2488 587 460 127 Holiday
3000 590 198 91 Inn
3253 611 250 107 pact

2487 736 370 123 signed
2899 736 135 124 by
3071 736 527 129 Manager

2504 892 33 19 BY
2547 893 76 18 ANNE
2633 893 93 19 RAVER

3029 935 9 10 •

2535 957 27 19 At
2592 957 11 20 2
2634 963 49 18 p.m.
2714 957 109 23 yesterday
2850 957 114 19 afternoon
2989 958 48 23 City

2500 986 98 23 Manager
2629 986 55 19 John
2717 987 24 19 H.
2772 986 106 19 Corcoran
2911 987 68 22 signed
3012 992 26 14 an

2500 1017 117 21 agreement
2639 1016 50 18 with
2710 1016 95 18 Kanavos
2824 1015 128 24 Enterprises
2972 1016 66 19 which

2500 1044 39 19 wiil
2554 1044 145 23 substantially
2714 1044 77 23 change
2807 1044 33 19 the
2857 1044 89 19 Harvard
2961 1044 77 24 Square

2500 1072 89 24 Holiday
2600 1072 36 20 Inn
2646 1073 55 20 from
2711 1074 26 19 its
2744 1074 87 22 original
2841 1074 76 22 design.

2534 1102 112 24 Originally
2665 1103 51 18 sited
2734 1108 20 13 as
2771 1107 25 14 an
2817 1103 23 19 18
2855 1105 66 21 story,
2936 1102 41 20 31$
2993 1103 44 19 unit

2501 1132 152 19 sheer-fronted
2669 1131 38 19 Inn
2721 1131 68 24 facing
2805 1131 34 19 Mt.
2856 1131 87 19 Auburn
2957 1133 34 20 st.,
3005 1131 35 19 the

2500 1159 92 24 building
2612 1160 35 19 has
2667 1166 46 13 now
2733 1160 53 19 been
2806 1161 127 22 re-designed
2951 1161 43 19 into
3011 1166 26 13 an

2499 1189 55 22 eight
2572 1190 56 21 story
2645 1188 100 24 L-shaped
2760 1190 97 23 complex
2873 1189 70 19 whose
2958 1189 78 24 highest

2500 1218 60 22 point
2568 1217 17 19 is
2594 1216 27 20 85
2631 1216 50 20 feet.

2533 1245 44 19 The
2587 1251 44 13 new
2641 1246 78 23 design,
2729 1246 67 19 which
2806 1246 83 23 spreads
2897 1249 38 16 out
2945 1251 48 14 over
3002 1246 35 19 the

2500 1274 37 22 lot,
2554 1275 40 18 will
2612 1274 26 19 be
2655 1279 56 15 more
2728 1275 110 23 expensive
2856 1274 33 19 for
2906 1275 95 19 Kanavos
3015 1277 22 17 to

2499 1305 107 16 construct
2621 1303 41 18 due
2677 1304 22 18 to
2714 1303 104 19 increased
2834 1303 127 19 foundation
2975 1305 63 21 costs,

2500 1331 66 19 which
2582 1331 40 19 wiil
2637 1334 74 16 mount
2726 1331 55 19 from
2796 1331 35 19 the
2845 1331 111 20 extension
2967 1331 26 20 of
3003 1332 35 18 the

2500 1360 84 23 original
2610 1360 34 19 tall
2669 1360 44 19 thin
2738 1362 66 18 tower
2828 1360 45 20 into
2895 1360 43 20 soft
2961 1360 76 20 subsoil

2500 1388 79 19 toward
2598 1388 34 19 the
2650 1388 50 20 back
2718 1388 24 20 of
2759 1388 35 20 the
2811 1389 37 22 lot,
2862 1388 105 20 increased
2982 1390 56 18 costs

2499 1416 41 19 due
2562 1418 22 17 to
2606 1421 26 14 an
2655 1417 104 23 unproved
2784 1418 47 22 plan
2850 1416 33 20 for
2902 1423 26 13 an
2947 1418 91 19 exterior

2499 1444 80 23 facade,
2591 1445 104 19 increased
2709 1450 59 14 room
2780 1446 40 18 size
2833 1444 33 21 for
2874 1446 51 19 each
2935 1446 52 22 unit,
2996 1446 40 19 and

2500 1474 104 19 increased
2614 1474 50 19 roof
2671 1474 45 19 size.

2535 1502 107 23 However,
2655 1503 94 19 Kanavos
2760 1503 71 19 stands
2843 1505 22 17 to
2876 1503 47 23 gain
2936 1502 26 20 22
2974 1503 62 19 units.

2500 1531 35 19 His
2544 1536 45 13 new
2599 1531 47 23 plan
2657 1536 47 14 now
2713 1531 71 19 allows
2794 1531 40 19 337
2845 1532 55 18 units
2909 1531 68 19 rather
2987 1532 49 19 than

2500 1559 50 24 31$,
2564 1560 39 18 and
2619 1565 25 13 an
2659 1560 89 19 increase
2763 1560 20 19 in
2796 1560 169 20 non-residential
2976 1566 61 18 space

2500 1597 16 5 -
2532 1587 54 21 from
2602 1588 79 23 27,000
2695 1594 73 19 square
2783 1588 42 20 feet
2838 1591 22 17 to
2871 1589 82 22 42,000
2964 1594 72 19 square

2500 1616 48 20 feet.

2533 1646 44 19 The
2589 1646 101 23 L-shaped
2700 1646 70 23 design
2780 1647 88 18 extends
2876 1646 64 20 down
2950 1646 88 24 Nutting

2498 1675 30 18 rd.
2549 1675 50 19 with
2619 1680 10 14 a
2646 1675 102 19 vehicular
2765 1677 97 18 entrance
2879 1681 28 14 on
2925 1675 45 20 that
2986 1676 50 22 side,

2500 1703 58 20 while
2573 1703 89 25 keeping
2676 1704 26 19 its
2715 1704 118 24 pedestrian
2846 1707 99 17 entrance
2959 1710 27 13 on
3000 1704 36 20 Mt.

2499 1733 87 19 Auburn
2610 1735 26 17 st.
2660 1733 43 19 The
2728 1738 44 14 new
2797 1733 70 23 design
2889 1738 90 15 narrows
3001 1733 35 19 the

2498 1762 85 19 setback
2603 1762 52 19 limit
2675 1761 25 21 of
2716 1762 34 19 the
2767 1764 82 20 present
2867 1767 60 17 zone,
2944 1762 39 20 and
3001 1762 35 19 the

3062 898 103 19 increased
3184 900 55 17 units
3257 899 88 18 increase
3364 900 34 17 the
3417 898 55 19 floor
3488 903 46 14 area
3549 898 52 19 ratio

3062 926 54 20 from
3135 927 33 19 the
3186 929 83 22 present
3286 927 70 20 zone’s
3374 927 52 20 limit
3443 927 25 19 of
3484 927 36 20 3.0
3537 929 23 16 to
3577 932 24 14 an

3062 955 54 19 FAR
3127 955 23 20 of
3159 955 42 21 3.5.

3097 985 63 19 These
3180 987 89 21 changes
3289 991 79 17 require
3388 991 11 13 a
3416 987 76 22 zoning
3508 986 93 18 variance

3063 1013 70 20 before
3146 1015 189 23 implementation,
3348 1015 39 19 and
3400 1014 112 23 according
3523 1016 23 18 to
3558 1014 42 23 city

3064 1042 83 24 planner
3163 1044 78 19 Robert
3258 1045 93 23 Bowycr,
3363 1045 106 19 Corcoran
3481 1045 36 19 has
3529 1044 72 24 agreed

3062 1074 23 17 to
3104 1075 104 19 represent
3229 1073 35 18 the
3283 1073 42 22 city
3345 1078 21 13 as
3386 1073 148 23 co-petitioner
3551 1071 49 20 with

3063 1100 101 23 Kanavos,
3179 1100 33 20 for
3226 1107 10 13 a
3252 1104 80 20 request
3346 1101 33 20 for
3390 1107 10 13 a
3414 1102 75 23 zoning
3500 1101 99 20 variance.

3062 1129 33 19 No
3104 1129 47 19 date
3161 1129 33 19 for
3205 1131 34 17 the
3249 1131 88 22 petition
3347 1131 37 18 has
3393 1133 34 20 yet
3438 1131 52 18 been
3500 1133 37 17 set.

3100 1159 127 20 Pedestrians
3242 1161 46 18 who
3302 1164 59 16 enter
3373 1161 35 19 the
3421 1161 93 24 building
3525 1166 30 14 on
3567 1160 37 20 Mt.

3063 1187 86 19 Auburn
3160 1190 25 16 st.
3199 1188 40 18 will
3250 1194 45 12 now
3306 1188 24 18 be
3340 1188 46 18 able
3396 1190 23 17 to
3428 1188 52 19 walk
3491 1187 90 24 through
3590 1192 11 15 a

3062 1217 111 22 courtyard
3187 1216 67 19 which
3267 1216 39 19 will
3318 1219 90 16 connect
3421 1216 49 19 with
3480 1223 10 12 a
3501 1216 99 23 walkway

3062 1244 55 19 lined
3140 1245 49 18 with
3212 1245 69 23 shops,
3301 1245 81 23 leading
3401 1248 23 16 to
3444 1246 34 17 the
3499 1244 101 24 Kennedy

3064 1273 82 23 Library
3156 1273 106 24 complex.

3098 1301 84 24 Parking
3202 1302 16 19 is
3236 1301 40 20 still
3294 1308 10 13 a
3321 1303 67 23 sticky
3407 1303 102 23 problem,
3526 1307 22 14 as
3563 1301 38 20 soil

3062 1330 121 19 conditions
3200 1331 60 18 make
3274 1330 14 19 it
3304 1330 119 24 financially
3438 1331 116 19 unfeasible
3568 1329 34 21 for

3063 1359 95 19 Kanavos
3169 1361 23 17 to
3205 1359 57 18 build
3275 1364 56 14 more
3341 1360 50 18 than
3401 1362 42 16 two
3454 1359 146 23 underground

3062 1387 66 19 levels.
3144 1387 119 19 Architects
3274 1388 128 23 negotiating
3414 1387 33 20 for
3459 1388 34 19 the
3506 1388 42 23 city
3560 1387 40 19 and

3062 1415 96 20 Kanavos
3187 1416 119 23 negotiated
3335 1421 11 14 a
3374 1416 41 19 28$
3443 1416 87 24 parking
3556 1416 44 19 unit

3062 1447 150 22 requirement,
3244 1446 67 19 which
3343 1447 44 18 falls
3420 1448 58 19 short
3510 1446 25 21 of
3567 1447 33 19 the

3060 1477 124 17 one-to-one
3196 1475 53 19 ratio
3260 1475 25 19 of
3296 1475 34 20 the
3343 1478 82 21 present
3437 1481 60 14 zone.
3510 1475 44 20 The
3564 1475 36 20 Inn

3062 1503 39 19 will
3116 1504 50 18 have
3181 1505 26 17 to'
3218 1504 43 24 rely
3276 1509 57 19 upon
3347 1510 11 14 a
3370 1505 113 23 municipal
3494 1510 73 18 garage
3578 1507 23 17 to

3061 1532 75 19 handle
3154 1532 35 20 the
3207 1535 39 17 rest
3262 1533 25 19 of
3303 1533 26 19 its
3345 1534 86 23 parking
3448 1534 63 18 needs
3528 1534 73 23 during

3062 1561 52 23 peak
3132 1567 91 14 seasons.

3095 1587 44 19 The
3157 1587 48 19 four
3222 1587 110 20 architects
3346 1589 48 17 who
3409 1588 119 23 negotiated
3543 1589 58 17 these

3062 1616 150 23 compromises
3241 1621 32 14 are
3303 1616 110 19 Theodore
3441 1616 112 19 Monaceili
3578 1615 23 20 of

3061 1644 193 23 Gund/Monacelli,
3265 1644 63 24 Terry
3341 1644 95 19 Rankine
3445 1645 24 18 of
3477 1644 124 24 Cambridge

3062 1673 65 19 Seven
3144 1674 125 22 Associates,
3283 1673 52 20 both
3349 1674 93 19 retained
3458 1674 27 23 by
3501 1674 35 18 the
3550 1674 53 22 city;

3061 1702 101 23 Timothy
3178 1702 110 19 Anderson
3305 1702 25 19 of
3345 1703 110 18 Anderson
3470 1703 40 18 and
3527 1702 74 20 Notter

3062 1731 40 19 and
3120 1731 79 19 Robert
3215 1731 125 23 Chicchetti,
3355 1731 93 19 retained
3462 1731 28 23 by
3506 1731 95 19 Kanavos

3062 1759 133 24 Enterprises.

2499 1811 280 70 School
2823 1812 269 70 Board
3132 1812 341 70 decides:

2503 1907 132 66 nix
2674 1931 106 44 on
2819 1907 327 69 teacher
3182 1934 234 43 exam

2500 1995 30 23 By
2539 1995 70 20 JOHN
2620 1995 134 20 GREGORY

2533 2024 45 19 The
2592 2024 79 20 School
2684 2024 128 20 Committee
2824 2030 28 13 on
2864 2025 96 23 Tuesday
2972 2025 66 23 night:

2534 2053 84 19 Turned
2631 2053 62 19 down
2704 2059 11 13 a
2728 2054 82 18 motion
2823 2053 44 19 that
2879 2053 71 20 would
2960 2055 79 22 require

2500 2086 46 14 new
2564 2083 93 18 teachers
2673 2084 23 17 to
2713 2088 45 17 pass
2775 2083 36 19 the
2827 2082 99 20 National
2938 2083 102 19 Teachers

2502 2110 72 24 Exam,
2588 2117 10 13 a
2613 2111 140 24 requirement
2768 2111 47 19 here
2831 2112 52 18 until
2894 2112 76 19 several
2981 2116 59 19 years

2501 2145 44 17 ago.

2535 2168 56 19 Gave
2609 2169 34 18 the
2661 2169 172 23 superintendent
2848 2169 155 20 authorization
3017 2171 24 18 to

2503 2198 103 22 negotiate
2624 2203 10 14 a
2651 2199 95 18 contract
2763 2198 46 19 that
2826 2198 69 19 would
2910 2198 81 19 involve
3005 2198 35 19 the

2502 2225 52 19 local
2579 2225 132 24 department
2737 2226 19 19 in
2782 2232 10 13 a
2814 2226 226 24 federally-subsidized

2502 2255 150 22 experimental
2674 2260 95 18 program
2791 2255 97 23 designed
2911 2257 23 17 to
2956 2257 84 21 prevent

2501 2283 61 18 crises
2571 2283 21 19 in
2601 2283 115 22 secondary
2726 2283 89 19 schools.

2538 2311 66 19 Heard
2630 2314 81 20 reports
2735 2311 46 19 that
2806 2314 68 16 recent
2897 2311 49 19 fires
2968 2312 73 19 caused

2502 2340 85 21 damage
2620 2342 23 16 to
2675 2345 71 13 rooms
2775 2342 20 16 at
2826 2340 34 18 the
2890 2340 82 22 Agassiz
2993 2338 48 20 'and

2502 2366 125 23 Harrington
2638 2366 94 19 Schools.
2750 2366 3 23 ‘

2540 2395 7 18 1
2555 2396 24 17 lie
2603 2396 90 21 meeting
2715 2395 69 19 which
2802 2396 65 18 lasted
2887 2395 40 18 less
2946 2396 49 17 than
3015 2395 28 20 90

2503 2423 89 18 minutes
2612 2428 41 13 was
2672 2428 41 13 one
2732 2422 24 19 of
2775 2423 35 18 the
2827 2423 89 18 shortest
2935 2423 20 18 in
2973 2425 70 17 recent

2501 2456 101 18 memory.
2631 2450 72 23 Mayer
2732 2450 85 19 Barbara
2843 2450 132 19 Ackermann
3001 2456 40 13 was

2501 2479 115 23 reported
2652 2485 64 17 away
2751 2478 63 21 from
2850 2479 39 19 the
2923 2479 46 23 city
3000 2479 41 19 and

2500 2507 179 19 Committeeman
2690 2507 79 24 Joseph
2782 2507 21 19 E.
2817 2507 99 23 Maynard
2926 2507 82 19 refused
3017 2509 25 18 to

2500 2540 56 14 cross
2568 2541 10 13 a
2591 2535 70 24 picket
2671 2536 40 18 line
2720 2535 26 19 of
2753 2536 91 19 workers
2853 2535 54 20 from
2918 2536 68 23 Local
2994 2536 47 23 195,

2501 2563 69 20 Public
2591 2564 71 19 Works
2681 2564 61 23 Dept,
2763 2565 48 18 who
2828 2570 52 13 were
2898 2565 104 19 stationed
3020 2565 21 19 in

2501 2591 57 21 front
2570 2592 24 20 of
2606 2592 35 20 the
2656 2592 55 20 1700
2721 2592 124 23 Cambridge
2854 2595 24 17 st.
2890 2593 78 19 School
2979 2594 61 23 Dept,

2500 2620 82 21 offices.

2533 2650 59 23 They
2613 2655 53 14 were
2683 2650 96 24 reported
2798 2651 82 23 seeking
2897 2651 36 19 the
2950 2650 91 24 mayor’s

2492 2678 55 24 •help
2559 2679 21 19 in
2591 2679 80 23 getting
2679 2679 36 18 the
2724 2679 43 23 city
2778 2685 95 17 manager
2881 2681 25 18 to
2915 2680 105 22 negotiate
3029 2685 11 14 a

2500 2712 44 13 new
2554 2709 95 17 contract
2660 2707 51 19 with
2719 2708 65 19 them.

2532 2737 187 19 Committeeman
2750 2737 69 19 James
2852 2736 22 20 F.
2906 2736 134 23 Fitzgerald’s

2499 2766 82 19 motion
2599 2766 45 19 that
2662 2766 68 19 would
2749 2766 80 23 require
2846 2771 45 13 new
2909 2766 92 18 teachers
3015 2767 24 17 to

3069 1996 65 19 attain
3144 1997 78 18 certain
3232 1997 109 19 minimum
3350 2002 70 15 scores
3428 2003 29 14 on
3466 1998 35 19 the
3511 1998 97 20 National

3068 2024 92 19 Teacher
3174 2024 66 20 Exam
3254 2025 72 19 before
3341 2026 50 24 they
3407 2027 61 19 could
3482 2027 81 23 qualify
3575 2027 33 19 for

3070 2053 111 23 beginning
3205 2054 96 23 teaching
3323 2057 59 21 posts
3404 2056 48 19 here
3475 2056 61 18 failed
3559 2057 49 18 with

3070 2080 114 24 Fitzgerald
3210 2083 40 19 and
3273 2083 179 20 Committeeman
3478 2084 81 20 Donald
3584 2085 24 19 A.

3070 2109 83 21 Fantini
3171 2111 73 24 voting
3262 2112 21 19 in
3299 2111 59 20 favor
3375 2112 40 19 and
3433 2112 50 19 Vice
3499 2113 111 19 Chairman

3071 2138 64 20 David
3150 2139 24 19 A.
3189 2139 72 24 Wylie,
3273 2141 39 18 and
3324 2141 179 20 Committeemen
3516 2141 58 19 Peter
3584 2141 26 20 G.

3069 2167 70 20 Gesell
3147 2169 40 18 and
3197 2169 84 19 Charles
3291 2170 25 18 M.
3328 2170 68 19 Pierce
3406 2171 20 18 in
3435 2170 132 24 opposition.

3106 2196 115 23 Fitzgerald
3240 2198 43 19 said
3302 2199 26 18 he
3347 2199 36 18 did
3404 2201 37 17 not
3461 2199 60 18 think
3542 2201 70 17 recent

3071 2225 158 23 appointments
3252 2232 52 13 were
3325 2227 56 23 good
3405 2232 50 14 ones
3474 2227 41 19 and
3535 2228 42 18 said
3597 2228 15 19 it

3071 2255 102 22 appeared
3186 2257 23 17 to
3221 2255 43 19 him
3276 2255 45 19 that
3335 2256 35 18 the
3381 2258 89 20 greatest
3480 2256 104 23 emphasis
3593 2257 20 18 in

3071 2283 106 22 screening
3191 2284 83 18 teacher
3289 2285 123 18 candidates
3427 2290 46 12 now
3486 2290 41 14 was
3538 2290 29 14 on
3579 2285 35 19 the

3071 2311 104 20 interview
3186 2312 41 18 and
3238 2314 36 17 not
3285 2312 35 19 the
3330 2312 107 19 academic
3446 2313 80 19 record.

3107 2338 84 20 Fantini
3207 2341 43 17 said
3268 2341 35 18 the
3320 2345 61 14 exam
3400 2341 69 18 would
3487 2346 54 14 once
3558 2342 56 22 again

3073 2366 85 23 provide
3183 2372 11 13 a
3219 2368 106 23 screening
3347 2368 116 23 procedure
3485 2368 70 19 which
3576 2373 40 15 was

3073 2395 87 22 needed,
3173 2395 25 18 he
3210 2396 51 21 said,
3273 2396 56 18 since
3339 2396 66 22 7,000
3414 2396 141 24 applications
3563 2401 52 16 ware

3072 2423 92 19 received
3181 2424 36 18 last
3230 2428 49 18 year
3290 2424 40 19 and
3347 2424 39 19 100
3400 2430 44 13 new
3456 2425 159 23 appointments

3072 2451 65 19 made.

3106 2479 68 20 Gesell
3196 2480 43 19 said
3262 2480 25 19 he
3310 2481 90 23 thought
3421 2481 44 19 that
3485 2481 36 19 the
3540 2482 74 18 school

3070 2508 123 19 committee
3206 2509 74 18 should
3290 2509 97 19 examine
3397 2510 20 18 in
3428 2509 34 19 the
3471 2510 85 23 coming
3565 2515 49 18 year

3071 2536 35 19 the
3118 2542 71 14 means
3200 2536 25 20 of
3236 2538 98 22 assessing
3347 2538 34 18 the
3393 2537 46 20 skill
3450 2537 26 20 of
3487 2539 93 19 teachers
3591 2539 20 19 in

3070 2565 53 19 their
3132 2565 45 19 first
3187 2570 54 19 year.

3104 2593 63 24 Wylie
3181 2594 44 19 said
3240 2594 45 19 that
3297 2594 61 19 when
3370 2595 37 19 the
3419 2596 139 23 requirement
3570 2601 42 14 was

3068 2621 107 20 abolished
3191 2623 76 19 several
3282 2628 59 18 years
3354 2629 46 17 ago,
3414 2624 26 19 he
3452 2623 37 20 felt
3503 2624 50 19 then
3566 2624 44 19 that

3067 2650 125 24 Cambridge
3207 2657 41 13 was
3262 2653 37 18 not
3313 2652 79 23 getting
3405 2653 35 18 the
3452 2653 45 18 best
3508 2653 101 23 qualified

3069 2684 44 14 new
3138 2681 115 22 graduates.
3276 2680 31 19 He
3328 2681 43 19 said
3394 2681 50 23 only
3467 2681 81 19 Boston
3569 2682 39 18 and

3067 2707 124 25 Cambridge
3206 2709 129 23 throughout
3351 2709 35 20 the
3401 2712 52 17 state
3466 2711 96 22 required
3574 2711 35 18 the

3067 2737 151 18 examination.

2869 2800 245 61 O’Neill
3142 2799 252 61 elected

2867 2878 315 77 Majority
3211 2876 255 59 Leader

2919 2972 141 26 Cambridge’s
3073 2979 47 13 own
3132 2973 91 21 Thomas
3234 2972 21 20 P.
3267 2972 69 27 ‘Tip”
3346 2972 90 25 O’Neill,
3447 2972 27 22 Jr.
3487 2979 41 14 was
3536 2973 80 21 elected

2868 3004 97 25 Majority
2979 3004 76 20 Leader
3067 3004 26 20 of
3104 3005 33 19 the
3150 3004 47 21 U.S.
3210 3003 69 21 House
3292 3004 25 20 of
3328 3004 180 29 Representatives
3517 3004 99 26 Monday.

2919 3035 44 22 The
2986 3036 91 20 election
3102 3034 26 23 of
3148 3034 90 25 O’Neill,
3262 3035 26 22 of
3310 3036 27 21 26
3362 3035 79 22 Russell
3467 3039 34 22 st.,
3525 3043 40 14 was
3589 3036 27 26 by

2868 3067 136 21 acclamation
3017 3067 40 20 and
3067 3067 54 21 took
3129 3067 58 27 place
3197 3067 75 26 during
3280 3067 34 21 the
3324 3067 133 21 Democratic
3466 3074 78 14 caucus
3551 3068 21 20 in
3583 3067 32 21 the

2868 3098 69 21 House
2951 3098 71 21 before
3034 3098 129 27 yesterday’s
3175 3098 74 21 formal
3263 3100 90 25 opening
3364 3098 26 21 of
3401 3099 33 20 the
3446 3099 53 20 93rd
3508 3099 107 25 Congress.

2919 3130 44 20 The
2984 3129 47 22 11th
3051 3133 51 18 term
3120 3130 113 21 Democrat
3250 3130 54 21 from
3320 3130 34 21 the
3370 3130 73 26 Eighth
3457 3129 158 27 Congressional

2868 3161 86 21 District
2965 3167 40 15 was
3017 3161 90 26 actually
3120 3161 81 21 assured
3214 3161 26 21 of
3249 3163 79 24 victory
3341 3161 38 21 last
3389 3161 58 21 week
3456 3161 60 20 when
3525 3161 32 21 his
3567 3161 48 26 only

2868 3194 113 25 remaining
2991 3192 124 27 challenger,
3127 3192 52 27 Rep.
3191 3192 49 21 Sam
3248 3192 104 25 Gibbons,
3361 3191 26 22 of
3394 3191 91 26 Florida,
3494 3192 74 21 bowed
3578 3194 38 19 out

2868 3224 25 21 of
2902 3224 33 21 the
2946 3230 51 15 race.

2919 3255 40 28 Tip
2971 3254 44 22 first
3027 3261 35 15 ran
3075 3254 33 22 for
3120 3255 64 21 office
3196 3256 19 20 in
3232 3255 54 21 1935
3299 3255 59 22 when
3369 3255 27 21 he
3409 3255 53 21 tried
3474 3255 33 21 for
3516 3261 11 16 a
3535 3258 44 20 seat
3588 3260 27 16 on

2870 3287 33 21 die
2914 3288 43 25 city
2970 3286 89 21 council.
3072 3286 30 21 He
3114 3286 40 21 lost
3168 3286 44 21 that
3225 3293 52 18 race,
3288 3286 39 21 but
3337 3286 52 21 later
3401 3293 34 14 ran
3448 3286 34 21 for
3492 3286 42 22 and
3546 3292 47 15 won
3605 3292 11 17 a

2868 3322 43 17 seat
2923 3320 20 19 in
2957 3319 33 20 the
3003 3318 160 21 Massachusetts
3172 3318 76 21 House.
3259 3318 29 21 He
3297 3318 52 21 later
3358 3318 85 21 became
3453 3318 86 26 speaker
3548 3318 26 21 of
3581 3318 33 21 the

2869 3350 77 21 House.
2963 3350 22 20 In
3006 3349 54 22 1952
3076 3350 26 20 he
3121 3349 51 21 took
3190 3350 34 20 die
3241 3352 43 18 seat
3298 3351 19 19 in
3332 3349 102 26 Congress
3448 3349 38 21 left
3500 3353 74 17 vacant
3588 3349 26 25 by

2868 3382 150 21 Senator-elect
3026 3381 56 21 John
3093 3380 21 21 F.
3125 3381 109 25 Kennedy.

1593 1221 131 23 (Continued
1733 1228 27 12 on
1769 1228 52 18 page
1830 1223 24 23 3)

3351 2760 131 23 (Continued
3490 2766 28 14 on
3527 2766 52 18 page
3588 2761 23 23 3)

242 3864 140 132 u

240 4004 147 139 a

510 3776 75 27 AT.
601 3796 8 7 .
624 3795 8 8 .

513 3868 204 26 HARVARD
742 3867 170 32 SQUARE

514 3908 75 25 Mon
615 3922 10 5 -
640 3908 46 24 Fri

513 3988 191 25 KENDALL
731 3986 168 33 SQUARE

513 4028 75 24 Mon
614 4042 10 4 -
639 4027 47 25 Fri

513 4067 47 25 Fri

515 4146 164 26 PORTER
706 4145 169 33 SQUARE

516 4188 76 24 Mon
618 4200 8 5 -
642 4186 46 25 Fri

514 4226 116 26 Thurs.
644 4226 74 25 Eve.

1007 3906 80 26 8:00
1100 3920 8 4 -
1124 3904 77 27 5:30

1008 4026 79 25 8:30
1124 4024 78 27 3:00

1009 4066 78 25 8:30
1123 4064 79 26 6:00

1010 4184 79 25 8:30
1103 4197 7 4 -
1125 4183 78 26 3:00

1011 4223 78 26 5:00
1104 4237 7 3 -
1126 4222 77 25 7:30

717 4327 43 5 ...
776 4309 44 22 TO
843 4308 111 23 SERVE
976 4307 73 22 YOU
1072 4306 131 23 BETTER

690 4384 245 46 Cambridge
948 4381 171 45 Savings
1132 4379 113 37 Bank

1346 3871 206 35 WORKING
1574 3870 89 29 MEN

1337 3907 35 19 (26
1381 3907 29 18 50
1427 3906 48 21 yr».)
1492 3906 53 17 from
1561 3902 119 19 Somem-le

1335 3944 45 14 area
1406 3938 78 18 needed
1509 3937 27 21 by
1559 3933 121 21 Cambridge

1336 3970 47 19 firm
1402 3970 64 21 doing
1486 3966 98 21 federally
1603 3964 77 18 funded

1336 4001 92 19 research
1442 4000 59 20 study
1516 3998 22 19 of
1550 3998 72 17 leisure
1634 3999 48 14 time

1338 4031 172 21 activities.
1547 4026 52 22 Fill
1636 4029 48 16 out

1338 4067 117 20 questional
1458 4067 29 13 res
1517 4061 20 17 in
1565 4065 9 13 a
1602 4057 81 19 relaxed

1338 4098 76 18 setting
1439 4094 38 17 and
1503 4093 46 21 play
1574 4092 36 16 bar
1635 4093 49 18 type

1339 4130 89 20 games
1465 4126 24 16 in
1526 4128 10 13 a
1573 4120 112 21 friendly

1340 4156 132 23 atmosphere
1512 4154 38 21 Pay
1581 4151 44 20 JW
1653 4151 31 18 For

1340 4189 79 19 6houn
1445 4192 47 14 oeer
1518 4189 42 14 two
1585 4188 94 17 evenings

1341 4220 42 19 Call
1400 4217 110 21 864£502
1525 4217 94 18 between
1634 4214 13 19 9
1660 4213 28 20 30

1342 4252 39 17 and
1390 4251 14 18 5
1416 4250 30 19 00
1453 4249 111 20 weekdays

2546 2952 22 19 fc.'
2568 2952 6 7 4

2587 3011 2 6 ■

2329 3253 54 30 M.

2352 3347 11 11 sf
2363 3344 7 17 ';

2361 3794 56 19 REP.
2428 3795 39 18 TIP
2477 3795 107 19 O'NEILL

2104 3849 92 22 TAKES
2208 3850 42 22 NO
2261 3851 72 20 TIME
2344 3867 22 6 ..
2381 3868 5 5 .
2399 3850 106 23 LEAVES
2517 3850 41 22 NO
2571 3849 72 22 MESS

2390 3886 135 22 CLOGGED
2540 3885 81 22 LINES
2636 3884 54 22 FOR
2702 3881 71 25 LESS^

2303 3920 177 69 ROW-

2558 3994 242 31 SBRViCB

2303 4053 37 20 AM
2358 4052 69 21 Work
2446 4052 152 21 Guaranteed

2305 4088 35 21 No
2354 4087 92 26 Charge
2460 4087 19 21 If
2490 4087 45 21 We
2549 4086 47 21 FoM

2300 4127 78 22 Phone
2397 4128 51 26 Any
2468 4127 50 27 Day
2536 4134 24 14 or
2578 4127 47 25 Nig
2628 4125 25 21 hi

2698 4050 82 38 547-

2697 4102 91 39 7752

2254 4214 29 15 Tk»
2292 4214 41 17 Ontf
2342 4215 73 14 Hehonmt
2424 4214 55 16 Seww
2489 4215 65 16 Vm
2653 4213 59 16 ImtmMf

2731 4173 117 34 L~2L

1352 4355 412 107 YELLOW
1807 4355 193 104 CAB

2055 4356 42 37 24
2121 4352 136 39 HOUR

2059 4405 196 41 SERVICE

2292 4330 513 116 547-3000

2919 3484 96 36 Your
3030 3484 91 36 best
3138 3483 411 46 savlngs-investment

3012 3548 90 28 now
3117 3548 98 37 pays
3232 3548 79 37 you
3328 3539 122 37 more!

2974 3617 87 50 fiQ/
3091 3638 35 18 per

2975 3658 37 19 W
3031 3656 45 25 /U
3091 3665 74 15 annum

2940 3692 139 24 CERTIFICATE
3092 3691 120 25 ACCOUNTS

2968 3727 24 17 24
3002 3726 31 19 TO
3043 3727 24 17 34
3078 3725 102 19 MONTHS

2981 3755 72 19 $l.OOO
3062 3755 104 17 minimum

3282 3621 88 29 NOW
3386 3619 100 30 EARN

3279 3681 211 65 6.27%

3266 3753 93 19 •ftecthr*
3367 3753 77 18 annual
3453 3754 42 18 rats

2976 3823 189 31 COCO/
3278 3819 89 30 NOW
3380 3819 101 31 EARN

3277 3864 209 65 5.47%

3011 3933 122 25 ACCOUNTS
3264 3936 94 19 aNadhra
3365 3938 76 19 annual
3450 3939 43 18 rala

3076 3997 83 24 interest
3172 3997 141 29 compounded
3325 3997 52 30 daily

3015 4035 38 22 and
3066 4034 67 23 added
3146 4034 88 29 monthly
3246 4035 21 23 to
3278 4040 47 23 poor
3337 4034 99 25 Accents

3102 4076 47 18 This
3158 4077 17 17 Is
3184 4080 38 14 our
3232 4077 59 17 120th
3300 4080 46 19 year

2968 4114 520 102 CIMMgP9tP«J

3052 4231 201 49 Savings
3271 4234 123 44 Bank

2968 4357 16 21 c
3247 4358 28 21 w
3285 4369 19 4 -
3314 4327 171 52 dumtSml

3025 4400 61 19 OMNI
3095 4402 115 17 TMUROOAV
3219 4402 81 17 MONTS
3308 4398 41 21 4-Jd
3356 4403 19 16 Is
3383 4402 41 17 7;SO

2984 4432 57 17 BANK
3050 4433 28 17 BY
3087 4434 49 17 MAM.
3146 4443 14 4 -
3168 4433 103 18 ROOTAGE
3280 4433 49 18 PAH*
3337 4433 59 18 OCT*
3404 4433 62 18 WAYS
