3711 4739
1342 1162 155 23 “Admittedly,
1516 1164 54 18 most
1588 1162 24 19 of
1627 1163 57 19 these
1699 1163 56 19 units
1770 1168 32 14 arc
1818 1162 33 20 for

1305 1196 39 14 our
1355 1191 79 22 elderly
1447 1191 69 19 rather
1529 1191 49 19 than
1590 1191 40 19 low
1644 1192 83 19 income
1739 1190 112 24 families,”

1306 1220 50 23 they
1369 1220 49 19 said.
1430 1220 63 19 “This
1503 1220 15 19 is
1528 1220 76 23 largely
1614 1220 40 19 due
1664 1222 23 17 to
1697 1221 35 18 the
1742 1220 76 19 refusal
1827 1220 22 19 of

1306 1248 35 20 the
1359 1249 43 23 city
1419 1249 84 19 council
1520 1251 23 17 to
1560 1254 92 18 approve
1666 1250 49 19 sites
1730 1249 34 20 for
1778 1249 71 23 family

1306 1277 94 24 housing.

1340 1306 50 20 The
1423 1307 62 19 CHA
1520 1307 42 19 has
1595 1307 167 20 circumvented
1795 1307 56 19 “this

1306 1335 119 25 problem”,
1448 1337 50 22 they
1520 1337 51 22 said,
1593 1337 28 22 by
1644 1337 83 22 making
1750 1337 59 23 plans
1828 1338 23 18 to

1307 1364 88 20 transfer
1407 1365 35 19 the
1454 1364 79 24 elderly
1543 1365 62 23 living
1614 1366 20 18 in
1644 1364 73 25 family
1727 1365 91 24 projects
1828 1368 22 16 to

1307 1394 34 19 the
1357 1399 44 14 new
1414 1394 78 23 elderly
1505 1394 167 24 developments,
1684 1394 64 19 “thus
1760 1395 91 23 opening

1306 1428 28 18 up
1346 1424 57 18 units
1415 1423 121 20 heretofore
1546 1423 129 19 unavailable
1685 1425 23 17 to
1717 1423 40 19 low
1767 1424 84 19 income

1307 1452 110 20 families.”

1342 1481 136 19 Hovenanian
1503 1482 98 22 repeated
1627 1481 53 19 their
1702 1481 81 23 charge,
1806 1481 44 19 first

1307 1511 60 19 made
1382 1511 20 19 in
1414 1516 11 14 a
1438 1511 61 19 letter
1511 1511 116 19 December
1639 1510 13 19 9
1665 1512 23 17 to
1699 1511 152 23 Congressman

1306 1539 92 20 Thomas
1410 1539 19 19 P.
1442 1538 89 23 O’Neill,
1544 1539 45 20 that
1602 1539 93 24 political
1707 1544 93 19 pressure
1811 1545 40 14 was

1307 1569 61 23 being
1379 1569 86 19 exerted
1478 1573 28 14 on
1519 1569 35 18 the
1566 1568 116 24 Authority
1695 1570 23 18 to
1730 1571 73 21 accept
1816 1569 35 19 the

1310 1598 24 20 1S
1344 1598 56 19 units
1409 1597 26 20 of
1443 1598 40 19 low
1493 1598 83 19 income
1586 1600 20 17 at
1616 1598 78 19 Willow
1704 1600 26 17 st.

1342 1627 94 23 Quoting
1452 1625 56 21 from
1526 1627 41 19 still
1584 1626 89 20 another
1691 1627 60 19 letter
1769 1630 45 16 sent
1829 1629 22 17 to

1308 1656 35 19 the
1361 1655 56 19 CHA
1436 1656 27 23 by
1480 1655 109 20 Corcoran
1605 1655 119 20 November
1741 1656 35 23 24,
1797 1655 54 20 1972

1306 1685 73 23 urging
1395 1685 57 19 them
1471 1686 23 18 to
1511 1685 50 19 send
1579 1685 35 18 the
1632 1685 61 20 letter
1708 1685 24 19 of
1746 1685 68 19 intent
1829 1687 23 17 to

1308 1714 64 23 HUD,
1386 1714 49 23 they
1448 1714 42 19 said
1504 1714 50 23 they
1567 1719 52 14 were
1630 1714 45 19 told
1685 1713 32 20 “if
1725 1714 66 19 under
1800 1714 51 19 such

1307 1744 163 19 circumstances
1481 1742 15 20 it
1509 1748 86 18 appears
1607 1743 45 18 that
1665 1749 20 16 a$
1697 1748 11 13 a
1718 1744 133 21 community

1308 1777 29 14 we
1355 1777 33 14 are
1406 1774 37 17 not
1462 1772 96 24 properly
1576 1772 106 23 equipped
1701 1774 23 17 to
1741 1774 55 17 meet
1814 1777 38 14 our

1308 1801 70 23 public
1390 1801 90 23 housing
1491 1800 173 24 responsibilities
1676 1806 30 13 we
1718 1799 40 20 will
1769 1801 50 18 have
1830 1803 22 16 to

1307 1830 97 19 consider
1431 1829 142 23 reorganizing
1600 1834 38 14 our
1666 1829 127 19 mechanism
1819 1829 33 19 for

1308 1857 99 24 fulfilling
1416 1858 61 18 those
1487 1857 193 24 responsibilities.”

1921 1135 134 19 Hovenanian
2069 1136 38 18 and
2122 1135 55 19 Reed
2190 1136 65 19 called
2269 1136 41 19 this
2322 1137 25 19 “a
2359 1136 68 24 thinly

1884 1163 66 20 veiled
1968 1164 66 19 threat
2053 1164 24 19 of
2093 1170 10 13 a
2118 1164 93 24 political
2227 1165 111 19 takeover”
2354 1164 24 21 of
2392 1166 35 19 the

1884 1192 115 24 Authority
2009 1193 28 23 by
2046 1192 112 21 Corcoran,

1918 1221 58 23 They
1992 1222 43 19 also
2050 1223 97 23 repeated
2161 1223 52 19 their
2226 1224 72 22 charge
2311 1223 45 20 that
2370 1223 57 20 HUD

1884 1257 41 13 was
1940 1252 68 22 trying
2022 1253 23 17 to
2056 1257 47 13 save
2116 1251 46 19 face
2173 1253 27 23 by
2213 1253 119 23 requesting
2344 1258 10 13 a
2367 1253 60 19 letter

1883 1279 25 20 of
1929 1281 68 20 intent
2020 1280 54 20 from
2098 1281 34 18 the
2152 1281 55 19 CHA
2228 1284 23 17 to
2271 1283 100 22 purchase
2392 1283 35 18 the

1883 1309 79 19 Willow
1971 1311 24 17 st.
2007 1309 94 24 housing.

1921 1351 48 20 “We
1990 1352 48 18 wish
2060 1354 22 16 to
2102 1352 38 19 call
2159 1357 54 18 your
2232 1352 129 24 attention,”
2379 1353 50 23 they

1885 1380 51 23 said,
1948 1380 39 19 “to
1998 1386 10 13 a
2021 1382 113 17 statement
2148 1382 59 18 made
2220 1382 27 22 by
2259 1388 10 13 a
2280 1381 57 20 HUD
2348 1382 80 19 official

1885 1411 20 17 at
1926 1415 10 13 a
1957 1410 90 23 meeting
2067 1410 47 19 held
2169 1410 119 19 November
2308 1410 35 24 28,
2366 1410 51 20 1971

1884 1437 50 20 This
1963 1437 81 21 official
2071 1439 44 18 said
2142 1441 22 17 to
2192 1439 94 24 Housing
2312 1440 116 23 Authority

1885 1466 91 20 officials
1999 1468 38 18 and
2061 1468 71 18 others
2154 1471 82 20 present
2260 1469 68 19 words
2351 1471 22 17 to
2394 1469 35 19 the

1884 1495 66 20 effect
1966 1496 44 20 that
2024 1494 57 21 HUD
2094 1497 77 19 wished
2184 1498 24 18 to
2220 1497 59 19 avoid
2292 1503 40 18 any
2345 1498 84 19 adverse

1886 1525 102 24 publicity
2010 1530 28 14 on
2062 1526 40 19 this
2124 1528 83 21 matter,
2227 1531 56 15 since
2303 1527 34 18 the
2358 1527 71 24 public

1886 1555 69 18 would
1973 1554 68 19 blame
2060 1553 57 20 HUD
2132 1555 33 19 for
2180 1555 109 23 indirectly
2303 1557 126 22 sponsoring

1886 1583 35 19 the
1931 1580 103 26 project.”

1923 1626 43 19 The
1983 1626 54 20 CHA
2057 1627 36 19 has
2109 1627 62 19 voted
2191 1628 59 18 twice
2269 1630 21 16 to
2307 1631 73 20 accept
2396 1629 35 18 the

1889 1655 80 23 project
1987 1656 38 18 and
2044 1657 61 18 twice
2121 1658 21 17 to
2157 1656 63 23 reject
2235 1657 21 19 it.
2272 1655 43 21 The
2331 1657 37 19 last
2383 1659 48 17 vote

1889 1690 40 14 was
1949 1684 77 23 against
2044 1684 86 24 sending
2147 1690 40 18 any
2206 1686 59 18 letter
2283 1684 24 21 of
2323 1686 68 19 intent
2409 1688 22 17 to

1889 1711 64 20 HUD.
1968 1712 55 19 CHA
2039 1712 91 21 officials
2145 1714 50 18 have
2210 1714 120 23 repeatedly
2343 1715 87 23 charged

1889 1741 44 19 that
1948 1747 53 14 once
2016 1742 50 23 they
2081 1742 50 19 send
2145 1742 35 19 the
2193 1743 60 19 letter
2265 1742 24 20 of
2300 1744 68 18 intent
2382 1744 49 22 they

1889 1770 40 19 will
1944 1770 25 19 be
1983 1770 86 19 saddled
2082 1771 49 19 with
2145 1771 34 19 the
2193 1771 79 23 project
2286 1772 111 23 regardless
2408 1771 25 20 Of

1889 1799 93 19 whether
1998 1804 24 14 or
2039 1801 38 17 not
2095 1800 34 18 the
2145 1800 56 18 units
2216 1805 51 14 were
2283 1799 147 25 satisfactorily

1888 1828 120 23 completed
2020 1833 25 13 or
2057 1828 93 19 whether
2159 1832 23 16 Or
2192 1831 38 17 not
2240 1829 76 23 repairs
2324 1830 106 18 exceeded

1889 1855 57 20 HUD
1956 1856 95 24 funding.

157 349 28 18 He
198 350 43 18 said
254 350 25 17 he
293 348 37 19 felt
344 350 57 18 there
415 355 41 14 was
468 355 28 13 no
507 353 100 20 question
620 355 47 14 now

120 377 23 20 of
161 379 93 18 teachers
270 379 48 18 here
334 380 61 22 being
410 380 57 18 lured
483 385 28 13 on
527 380 35 18 the
577 380 53 18 basis
646 379 24 19 of

121 411 59 16 merit
201 408 40 19 and
263 407 37 19 felt
322 408 34 19 the
378 411 77 19 system
477 409 39 18 had
536 409 76 18 earned
634 409 34 18 the

121 440 80 20 respect
224 437 24 19 of
271 438 34 18 the
330 438 97 23 teaching
449 437 119 24 profession
589 443 19 13 in
629 438 40 18 this

121 467 69 22 regard

319 525 150 19 CONTRACT

158 583 58 24 Supt.
230 583 24 19 of
267 583 89 19 Schools
366 583 122 20 Alflorence
496 584 117 18 Cheatham
624 584 44 18 told

124 614 33 18 the
170 616 125 16 committee
308 614 44 18 that
366 614 35 18 the
416 613 39 19 U.S
476 613 60 23 Dept,
547 612 26 19 of
580 612 90 19 Justices

124 643 38 18 had
173 642 62 19 asked
248 642 35 19 the
292 642 124 23 Cambridge
427 642 78 19 School
516 642 62 23 Dept,
589 644 23 16 to
622 642 47 22 help

124 672 95 22 develop,
232 674 40 16 test
286 672 40 18 and
338 672 94 18 evaluate
445 677 10 13 a
468 671 70 19 model
547 673 79 20 system
637 670 33 19 for

123 700 74 20 school
221 701 58 19 crisis
304 701 124 23 prevention
453 701 20 18 in
496 700 34 19 the
554 700 115 22 secondary

124 730 84 18 schools

159 759 43 19 The
220 762 87 19 system,
324 759 81 22 general
424 759 122 22 techniques
564 757 25 19 of
602 758 68 18 which

124 794 32 13 are
179 794 22 13 as
222 791 35 20 yet
282 788 141 22 undisclosed,
446 788 36 19 has
502 788 34 18 the
555 787 72 22 object
647 786 25 20 of

125 818 136 23 maintaining
274 817 103 23 harmony
390 817 20 18 in
424 817 34 18 the
471 816 47 23 high
531 816 92 22 schools,
635 816 35 18 the

124 846 175 24 superintendent
317 846 45 19 told
381 845 115 23 Fitzgerald
514 846 19 17 in
552 850 78 13 answer
648 846 23 17 to

124 875 30 19 his
163 878 117 20 questions.

119 914 178 36 Taxpayer*
315 914 108 36 Group
439 923 82 27 says:

745 322 42 18 The
805 324 125 17 committee
949 327 40 14 was
1004 322 44 19 told
1065 323 44 18 that
1126 322 95 23 $29,000
1236 329 19 13 in

710 351 78 18 federal
803 350 64 20 funds
883 352 69 18 would
968 352 24 17 be
1008 352 111 22 dispensed
1135 352 76 22 locally
1224 352 33 19 for

710 380 148 23 development
876 380 25 19 of
918 380 34 19 the
971 383 77 19 system
1071 380 88 19 Gesell's
1174 384 82 16 motion

710 409 44 18 that
782 409 33 18 the
841 409 174 22 superintendent
1040 409 24 19 be
1087 410 123 18 authorized
1235 413 22 16 to

711 440 104 20 negotiate
849 437 35 19 the
917 440 96 16 contract
1048 439 49 17 with
1131 439 34 17 the
1196 439 61 18 other

709 467 158 21 governmental
895 467 95 22 agencies
1016 467 103 21 involved,
1145 467 51 19 with
1222 467 35 19 the

709 496 96 18 contract
834 497 22 17 to
882 496 25 18 be
932 495 117 19 submitted
1075 498 23 16 to
1123 495 35 19 the
1183 496 74 19 school

709 524 132 21 committee,
868 529 40 13 was
933 524 71 23 passed
1032 524 50 18 with
1108 524 83 19 Fantini
1215 525 40 18 and

710 551 115 23 Fitzgerald
836 552 103 23 opposed.

886 625 108 19 SCHOOL
1006 624 78 20 FIRES

750 700 54 17 Asst.
818 698 59 23 Supt.
891 698 25 19 of
927 698 89 19 Schools
1030 697 96 19 Edmond
1139 696 18 20 J.
1171 697 90 23 Murphy

714 728 98 22 reported
829 727 37 19 fire
881 728 74 22 gutted
971 728 34 17 the
1020 726 140 22 Community
1173 726 89 19 Schools

715 761 60 14 room
793 759 19 16 at
832 757 35 18 the
885 757 83 22 Agassiz
986 756 95 24 building
1097 755 55 23 early
1168 755 93 23 Sunday.

714 785 71 23 Origin
815 785 26 19 of
870 787 34 17 the
936 786 58 18 blaze
1025 790 41 14 was
1093 784 167 19 undetermined.

716 815 90 22 Murphy
831 815 43 19 said
900 815 123 19 custodians
1048 814 84 19 worked
1156 813 26 19 all
1206 813 56 24 night

715 844 100 23 blocking
829 849 28 18 up
873 843 102 20 windows
989 843 81 19 broken
1083 843 74 22 during
1169 842 35 19 the
1217 842 44 19 fire.

751 873 17 18 A
782 873 57 18 blaze
852 879 10 13 a
873 874 57 17 week
941 873 72 18 earlier
1022 872 101 23 damaged
1133 872 36 19 the
1180 872 83 19 teacher

1303 323 75 23 lounge
1394 326 19 16 at
1427 324 35 19 the
1475 324 125 23 Harrington
1614 326 77 20 School
1705 326 35 18 the
1752 329 96 16 assistant

1303 354 172 22 superintendent
1487 355 42 18 said
1547 354 43 19 The
1601 355 65 22 origin
1676 355 24 19 of
1710 355 40 18 this
1760 354 37 19 fire
1809 361 39 13 was

1303 383 161 19 undetermined
1477 383 101 23 although
1592 385 34 17 the
1637 384 57 18 State
1704 383 45 19 Fire
1761 384 87 19 Marshal

1304 412 38 18 had
1354 413 136 22 investigated

1474 465 55 19 NEW
1541 467 141 19 POSITIONS

1340 539 43 19 The
1394 541 173 22 superintendent
1578 547 40 13 was
1628 542 115 19 instructed
1755 545 22 16 to
1787 547 62 14 revise

1305 575 10 12 a
1331 571 68 21 report
1414 569 25 18 he
1452 570 115 18 submitted
1580 576 28 13 on
1621 571 34 18 the
1668 571 88 18 number
1769 571 23 19 of
1805 576 43 13 new

1305 601 111 19 positions,
1429 599 27 22 by
1468 601 106 21 category,
1587 599 83 19 created
1681 599 54 19 from
1747 600 34 18 the
1795 600 51 20 1971

1306 627 77 22 budget
1394 629 22 17 to
1426 628 35 18 the
1475 627 54 20 1972
1540 629 85 23 budget.

1341 655 115 24 Fitzgerald
1481 658 42 17 said
1549 658 25 19 he
1600 658 90 22 thought
1716 658 40 19 this
1780 661 68 21 report

1306 685 68 18 would
1409 686 25 17 be
1465 689 114 20 important
1610 687 96 23 pointing
1735 689 38 17 out
1804 688 44 19 that

1305 714 153 22 departmental
1474 715 93 23 strength
1582 715 39 19 had
1637 716 83 19 swelled
1735 715 55 20 from
1808 716 41 20 500

1305 745 22 16 to
1338 742 42 20 800
1390 743 20 19 in
1421 743 58 19 three
1489 749 24 14 or
1521 743 49 20 four
1580 750 64 17 years.

1468 816 210 20 CLERK-TYPISTS

1339 873 101 20 Fantini’s
1453 875 83 18 motion
1547 876 73 22 passed
1634 877 22 17 to
1668 878 30 16 set
1710 881 12 14 a
1735 876 83 23 hearing
1827 878 20 17 at

1888 328 33 18 the
1938 331 48 17 next
2002 330 78 22 regular
2096 333 89 20 meeting
2199 330 31 20 for
2243 335 105 20 part-time
2359 338 70 17 junior

1886 357 142 23 clerk-typists
2055 360 22 17 to
2105 360 71 18 attend
2205 361 39 18 and
2272 361 79 19 discuss
2376 362 53 19 their

1887 388 81 21 request
1989 387 41 18 that
2048 387 52 18 their
2116 388 73 23 hourly
2206 394 64 19 wages
2286 390 24 18 be
2324 395 29 14 on
2368 396 10 13 a
2394 397 34 17 pat

1887 414 49 18 with
1947 414 35 20 the
1992 419 122 19 permanent
2124 417 146 24 clerk-typists.

2064 472 125 21 STUDENT
2201 474 49 20 REP

1921 529 75 19 Walter
2029 529 98 25 Murphy,
2160 536 42 14 new
2236 534 85 18 student
2356 535 72 19 school

1885 561 123 16 committee
2022 560 91 18 member
2127 559 53 20 from
2191 561 122 24 Cambridge
2326 562 50 23 High
2388 564 39 18 and

1887 586 58 19 Latin
1958 587 84 21 School,
2057 594 39 13 was
2109 590 124 18 introduced
2247 592 22 17 to
2279 591 35 18 the
2324 592 65 19 board
2400 593 27 22 by

1886 616 75 23 Acting
1975 616 128 20 Committee
2119 618 106 23 Secretary
2239 619 55 19 John
2305 620 122 24 McCarthy.

2089 679 134 21 SECURITY

1920 734 43 19 The
1980 738 173 21 superintendent
2171 740 98 22 reported
2287 741 24 18 he
2329 747 41 14 was
2387 743 40 19 still

1884 764 131 24 considering
2046 767 89 23 security
2164 771 103 17 measures
2295 773 21 16 to
2345 774 82 20 protect

1884 792 78 20 School
1975 793 137 24 Department
2126 799 106 21 property.
2246 799 16 17 A
2274 802 68 20 report
2356 806 38 13 was
2405 802 23 18 to

1885 822 24 17 be
1929 822 58 22 given
2007 825 20 17 at
2048 824 34 18 the
2103 829 48 15 next
2172 828 79 21 regular
2269 831 90 20 meeting
2376 829 24 19 of
2416 836 11 12 a

1884 850 72 19 failure
1975 851 23 19 of
2015 852 34 19 the
2067 853 62 20 alarm
2145 858 77 19 system
2238 859 19 16 at
2274 857 34 19 the
2324 858 102 23 Kennedy

1883 879 78 20 School
1971 882 98 21 reported
2080 882 27 23 by
2116 882 179 23 Committeeman
2305 886 75 19 Pierce.

124 966 255 62 Property
407 973 142 35 taxes
577 961 98 45 rise
702 985 19 9 -
741 956 199 62 growth
977 955 180 47 lowers

159 1035 193 19 Massachusetts
386 1036 105 22 property

122 1067 59 16 taxes
199 1064 80 19 totaled
298 1063 64 21 $2.05
381 1064 74 18 billion
472 1063 21 19 in

126 1093 62 22 1972,
209 1098 28 18 up
258 1092 57 20 5199
336 1093 80 18 million
437 1091 55 20 from

510 1032 37 19 last
555 1032 69 24 year’s
634 1033 53 19 total
697 1032 25 20 of
731 1033 63 21 $1.85
807 1034 74 19 billion

510 1062 112 22 according
634 1063 23 18 to
670 1062 35 18 the
719 1062 161 19 Massachusetts

509 1089 120 25 Taxpayers
640 1090 155 20 Foundation’s
804 1091 75 18 annual

880 1030 1 23 i
900 1031 100 22 property
1011 1031 34 17 tax
1056 1030 94 22 analysis,

880 1057 1 24 i
936 1057 40 20 For
996 1058 35 19 the
1051 1058 78 19 second
1150 1063 48 18 year
1218 1058 20 17 in
1258 1063 11 13 a

880 1086 1 24 I
900 1092 50 17 row,
968 1087 35 18 the
1018 1087 81 22 growth
1114 1089 43 16 rate
1173 1086 95 23 dropped

901 1115 49 19 with
970 1115 42 19 this
1031 1115 66 23 year’s
1118 1115 46 19 10.8
1183 1117 86 21 percent

900 1144 35 18 the
963 1144 73 19 lowest
1062 1144 55 19 since
1147 1143 61 23 1967,
1234 1143 35 19 the

901 1173 136 19 Foundation
1064 1173 49 19 said.
1142 1173 44 18 The
1214 1172 52 20 1971

900 1204 42 16 rate
973 1201 24 19 of
1027 1202 90 18 increase
1148 1207 41 13 was
1222 1201 47 19 13.6

901 1232 92 22 percent,
1003 1231 15 18 it
1029 1230 75 19 added.

936 1260 94 18 “While
1065 1259 49 19 this
1148 1259 70 19 trend
1254 1259 16 18 is

901 1287 128 23 favorable,”
1057 1293 46 19 says
1131 1288 35 19 the
1191 1290 79 21 report,

901 1318 49 18 “the
978 1317 127 19 cumulative
1133 1317 91 19 increase
1249 1317 21 19 in

901 1349 118 21 property
1055 1349 61 17 taxes
1149 1347 36 19 has
1217 1347 53 18 been

902 1376 92 22 massive,
1018 1376 75 19 almost
1115 1375 80 19 double
1214 1376 56 19 since

904 1404 62 20 1967.

936 1432 186 22 “Massachusetts’
1149 1439 45 12 new
1223 1434 48 22 high

901 1463 51 19 level
971 1462 26 20 of
1016 1462 57 21 $353
1093 1467 37 19 per
1149 1463 69 23 capita
1237 1461 35 20 for

905 1491 54 20 1972
978 1497 47 19 may
1040 1492 78 18 exceed
1134 1492 46 19 that
1196 1492 19 18 in
1230 1496 41 18 any

902 1522 61 18 other
975 1524 61 16 state.
1049 1521 23 19 In
1087 1520 63 23 1970,
1163 1521 35 19 the
1210 1521 61 19 latest

902 1556 48 18 year
975 1550 34 20 for
1030 1550 135 23 comparable
1189 1549 83 24 figures,

902 1580 50 23 only
985 1578 133 21 California’s
1149 1579 57 20 $296
1237 1583 35 19 per

902 1610 81 22 capita
1020 1614 46 14 was
1100 1608 85 23 higher
1219 1608 54 19 than

904 1637 168 20 Massachusetts’

937 1667 55 19 The
1029 1669 88 22 report
1154 1666 120 20 discloses

903 1701 115 15 enormous
1046 1696 117 23 disparities
1190 1696 20 18 in
1237 1698 36 16 tax

904 1728 53 16 rates
975 1730 76 18 among
1068 1725 60 19 cities
1141 1725 41 19 and
1197 1726 76 21 towns,

905 1755 35 18 the
950 1754 136 19 Foundation
1096 1759 52 18 says.

939 1783 44 19 The
1010 1782 53 21 1972
1087 1782 76 20 overall
1185 1784 43 17 rate
1250 1781 26 20 of

905 1813 100 23 property
1016 1812 96 19 taxation
1122 1811 16 20 is
1148 1810 81 21 $58.56
1238 1816 36 18 per

906 1840 81 24 $l,OOO
1009 1841 63 18 based
1091 1844 28 14 on
1140 1839 39 19 full
1197 1839 77 23 values,

905 1869 35 19 the
958 1871 71 21 report
1047 1874 51 17 says.
1116 1868 107 22 However,
1239 1868 36 19 the

904 1897 186 20 Commonwealth
1115 1897 112 19 continues
1251 1898 25 18 to

905 1926 165 19 underestimate
1080 1926 35 19 the
1126 1924 38 20 full
1173 1927 101 21 property

905 1954 69 19 values
993 1953 25 20 of
1037 1959 63 18 many
1117 1954 157 19 communities.

904 1982 62 21 That
1001 1983 75 19 makes
1108 1982 35 19 the
1175 1981 101 20 effective

905 2012 77 19 overall
1011 2013 43 18 rate
1082 2012 72 22 lower,
1182 2010 93 24 possibly

905 2041 68 18 below
995 2040 49 24 $4O,
1063 2040 114 23 according
1197 2042 23 16 to
1239 2039 37 19 the

906 2068 143 20 Foundation.

941 2122 43 19 The
1000 2121 55 20 MTF
1070 2125 71 21 report
1156 2127 47 18 says
1218 2123 58 19 there

906 2151 36 19 has
969 2151 53 19 been
1048 2156 28 14 no
1100 2156 96 19 progress
1220 2152 57 19 since

909 2178 55 21 1956
989 2180 21 19 in
1033 2180 91 23 meeting
1147 2180 35 19 the
1204 2180 73 20 state’s

905 2208 71 20 “most
994 2209 79 19 critical
1090 2210 97 22 problem
1202 2209 25 19 of
1241 2210 35 19 the

905 2242 143 19 enormous,
1082 2238 141 24 disparities
1255 2239 21 19 in

905 2267 115 23 taxpaying
1044 2267 73 23 ability
1141 2272 77 19 among
1240 2268 36 18 the

904 2296 60 19 cities
972 2297 42 18 and
1024 2295 92 20 towns.”

940 2342 44 19 The
1017 2343 89 23 analysis
1136 2342 57 19 finds
1222 2342 55 19 little

903 2372 101 19 evidence
1030 2370 24 21 of
1078 2372 154 22 improvement
1255 2372 22 19 in

906 2401 51 19 the
996 2399 281 21 Commonwealth’s

907 2430 127 23 procedures
1051 2429 33 19 for
1101 2430 121 22 estimating
1239 2429 38 19 full

906 2464 32 14 or
976 2459 157 23 equalized
1170 2459 107 19 values.

909 2488 161 19 Massachusetts
1079 2488 123 18 distributes
1211 2488 32 18 aid
1254 2490 24 16 to

907 2518 59 18 cities
978 2518 40 18 and
1029 2519 69 17 towns
1107 2516 63 19 based
1181 2522 27 13 on
1219 2516 59 19 these

907 2546 83 24 figures.

941 2607 5 8 *
956 2608 5 7 *
970 2607 92 20 Cities
1098 2606 51 20 and
1187 2608 90 18 towns

905 2636 144 24 complying
1083 2636 54 19 with
1169 2636 35 19 the
1237 2636 39 17 law

906 2666 105 23 requiring
1025 2665 39 20 full
1077 2666 60 18 value
1152 2666 124 18 assessment

906 2700 33 14 are
954 2695 62 23 being
1030 2694 89 20 cheated
1133 2693 26 20 of
1173 2693 54 20 their
1237 2693 40 20 fair

906 2724 69 18 shares
997 2723 25 19 of
1043 2723 92 24 Chapter
1156 2723 27 19 70
1202 2723 75 19 school

906 2753 41 22 aid,
959 2753 79 22 lottery
1048 2753 90 22 receipts
1147 2752 40 18 and
1197 2757 34 18 gas
1241 2754 36 16 tax

907 2780 108 25 money,”
1048 2787 47 18 says
1128 2780 89 20 Richard
1251 2781 24 19 A.

908 2810 91 24 Manley,
1024 2810 55 19 MTF
1101 2810 109 19 executive
1232 2810 45 19 vice

907 2839 113 24 president.

942 2894 58 19 “The
1025 2894 53 19 fault
1103 2894 36 19 lies
1164 2894 50 19 with
1240 2894 36 19 the

906 2923 141 23 equalization
1063 2922 107 24 process,”
1184 2923 25 19 he
1222 2928 54 18 says,

906 2952 86 18 ‘‘and
1033 2951 86 19 we’ve
1156 2951 71 19 filed
1265 2957 11 13 a

906 2980 172 24 comprehensive
1108 2982 101 22 property
1240 2982 36 17 tax

906 3009 169 19 administration
1103 3008 36 19 bill
1165 3008 50 19 with
1241 3008 35 19 the

910 3037 53 20 1973
981 3038 125 22 Legislature
1122 3038 68 18 which
1205 3037 71 18 would

906 3068 81 17 correct
997 3067 59 18 these
1066 3066 118 24 inequities.

1358 2838 100 21 SENIOR
1470 2837 197 20 MANAGEMENT
1677 2837 84 19 TEAM:
1773 2836 43 20 The
1825 2838 65 18 board
1901 2837 23 19 of
1933 2838 101 18 directors
2044 2836 23 20 of
2077 2836 90 20 Hervard
2176 2836 62 19 Trust
2247 2836 111 23 Company
2368 2836 75 19 elected

1305 2871 36 19 the
1354 2871 116 22 following:
1485 2871 103 22 standing,
1601 2870 13 19 I.
1623 2873 24 16 to
1656 2876 16 14 r.
1689 2870 73 19 Senior
1772 2869 51 19 Vice
1833 2869 106 19 President
1948 2869 85 18 William
2044 2869 25 19 H.
2079 2867 75 20 Possiel
2166 2866 80 22 (Credit
2255 2866 188 25 Administration),

1307 2903 69 23 Henry
1390 2902 24 20 C.
1430 2903 60 22 Riley
1507 2901 125 24 (Marketing
1647 2900 102 21 Division)
1765 2902 40 19 and
1820 2904 103 19 secretary
1938 2902 40 18 and
1994 2900 111 20 Theodore
2121 2900 21 20 F.
2156 2900 61 20 Cook
2234 2899 90 21 (Central
2340 2899 103 21 Services).

1305 2935 85 23 Seated,
1401 2935 13 19 I.
1423 2938 24 16 to
1458 2939 23 19 r..
1491 2935 47 19 Don
1547 2935 21 19 S.
1578 2934 71 22 Greer,
1659 2934 106 19 chairman
1775 2933 23 20 of
1808 2934 35 18 the
1853 2933 74 21 board;
1936 2932 73 20 Ernest
2020 2933 21 18 F.
2051 2932 122 22 Stockwell,
2182 2932 35 22 Jr.,
2228 2933 105 21 president
2343 2932 40 19 and
2393 2932 50 19 chief

1305 2967 109 20 executive
1423 2967 78 19 officer
1510 2967 40 19 and
1560 2967 83 19 Samuel
1656 2965 79 24 Fogler,
1745 2966 108 18 executive
1863 2965 44 19 vice
1916 2965 106 22 president
2031 2964 41 19 ind
2082 2968 108 15 treasurer.

1304 3038 70 45 Dig
1394 3044 67 27 out
1483 3049 97 34 your
1614 3034 216 47 high-laced
1854 3034 108 35 boots

1339 3103 49 20 The
1423 3102 127 21 “Goodwill
1583 3102 91 19 Fashion

1305 3131 114 25 Parade,”
1452 3132 103 22 featuring
1587 3132 87 19 historic

1305 3161 64 23 styles
1383 3161 56 20 from
1454 3162 35 19 the
1501 3161 56 23 early
1573 3160 45 24 1800
1629 3160 12 24 s
1652 3160 23 24 to

1305 3191 35 18 the
1359 3192 90 22 present,
1467 3189 41 21 will
1522 3190 101 23 highlight
1638 3190 36 18 the

1305 3219 90 24 January
1427 3220 12 19 8
1470 3220 91 23 meeting
1587 3218 26 20 of
1638 3219 36 19 the

1306 3248 104 20 M.B.T.A.
1427 3248 121 20 Pensioners
1561 3248 55 20 Club
1632 3247 41 20 Inc.

1303 3278 45 19 The
1378 3278 106 19 Goodwill
1515 3277 108 22 Auxiliary
1650 3278 25 17 to

1306 3307 84 23 Morgan
1409 3306 108 20 Memorial
1535 3306 41 19 will
1590 3308 83 22 present

1305 3336 26 20 its
1347 3335 106 24 travelling
1467 3335 53 23 style
1534 3335 58 19 show
1605 3336 21 18 at
1638 3334 37 19 the

1305 3364 109 24 Stephen
1449 3364 70 19 James
1550 3363 79 23 House,
1662 3362 11 20 S

1307 3393 120 24 Davenport
1436 3395 25 17 st.
1472 3395 20 17 at
1503 3392 11 20 8
1526 3398 48 18 p.m.

1340 3421 92 19 Officers
1460 3421 24 19 of
1508 3421 35 19 the
1569 3419 104 21 M.B.T.A.

1307 3450 120 19 Pensioners
1439 3455 33 14 are
1482 3450 114 24 president,
1606 3449 69 19 James

1305 3480 25 19 A.
1354 3479 60 19 Shaw
1436 3478 38 23 Jr.;
1494 3479 44 18 vice
1561 3478 114 23 president,

1305 3508 79 23 Joseph
1418 3508 114 20 Brilliante;
1563 3508 112 21 secretary.

1307 3537 54 19 Belle
1385 3536 23 19 C.
1435 3536 110 21 Kirkland;
1566 3537 109 20 treasurer,

1305 3565 105 19 Thomas
1446 3565 28 18 M.
1510 3564 92 23 Hurley,
1634 3564 41 18 and

1306 3593 103 24 chaplain,
1424 3593 81 23 George
1522 3592 20 20 E.
1557 3592 117 19 Robinson.

1341 3621 49 20 The
1424 3621 125 20 Goodwill
1584 3621 91 19 Fashion

1308 3651 72 19 Parade
1407 3652 67 18 traces
1496 3650 94 23 dothing
1611 3649 64 24 styles

1307 3680 53 19 from
1382 3680 35 19 the
1437 3680 141 19 conservative
1602 3678 73 19 1800’s

1307 3711 23 17 to
1350 3709 35 18 the
1400 3708 47 24 Gay
1467 3708 99 21 Nineties,
1584 3708 90 22 through

1306 3738 35 18 the
1360 3737 91 24 Roaring
1467 3737 105 20 Twenties
1588 3737 40 19 and
1648 3742 27 18 up

1307 3768 22 18 to
1349 3767 36 19 the
1404 3767 87 22 Soaring
1508 3765 53 21 70's.
1580 3766 54 19 Most
1651 3765 24 19 of

1307 3796 34 18 the
1369 3796 64 23 styles
1458 3795 109 24 presented
1594 3795 20 19 in
1641 3795 34 19 the

1306 3824 58 19 show
1380 3826 39 18 will
1435 3827 37 17 not
1489 3825 25 19 be
1526 3824 68 19 found
1607 3825 20 18 in
1639 3824 36 19 the

1307 3847 104 26 stores*of
1425 3855 72 22 today.
1512 3854 66 19 There
1595 3853 39 19 will
1649 3854 26 18 be

1307 3883 78 20 dresses
1397 3883 24 20 of
1432 3883 38 20 silk
1482 3883 40 19 and
1536 3883 61 22 satin,
1609 3882 65 19 velvet

1307 3913 40 18 and
1365 3913 50 22 lace,
1433 3912 107 24 highlaced
1556 3912 64 18 boots
1634 3911 40 19 and

1307 3941 104 22 chapeaus
1423 3942 97 18 trimmed
1534 3941 50 19 with
1596 3941 79 18 ostrich

1308 3970 86 23 plumes.

1343 4000 96 18 Another
1468 3999 100 23 highlight
1597 3999 16 18 is
1641 3999 33 18 the

1694 3101 95 24 display
1824 3100 27 19 of
1888 3099 55 19 1800
1975 3100 86 21 corsets,

1693 3130 102 19 chemises
1817 3129 39 19 and
1877 3128 120 25 petticoats.
2016 3127 46 19 The

1693 3160 67 19 show
1795 3159 67 22 began
1895 3157 50 19 with
1978 3161 84 14 women

1693 3189 126 22 exclusively
1831 3193 22 14 as
1865 3185 87 22 models,
1965 3185 37 19 but
2013 3189 47 14 now

1694 3222 58 14 some
1777 3215 26 20 of
1825 3216 35 19 the
1883 3215 106 19 husbands
2011 3215 51 19 have

1694 3247 69 18 been
1801 3245 97 19 worked
1934 3245 53 18 into
2021 3245 41 19 the

1694 3275 177 24 performance
1907 3276 26 17 to
1966 3274 96 23 display

1695 3303 155 20 old-fashioned
1873 3304 58 18 swim
1951 3303 51 18 suits
2022 3302 40 19 and

1696 3332 127 24 nightshirts

1729 3360 45 21 The
1799 3358 82 23 fashion
1907 3360 57 20 show
1990 3361 15 18 is
2029 3360 33 19 tlte

1695 3391 112 19 creation
1840 3387 28 22 of
1903 3389 54 19 Mrs.
1993 3389 69 23 Byron

1695 3419 107 19 Churchill
1824 3417 24 21 of
1867 3417 125 20 Watertown
2012 3422 21 14 as
2053 3422 10 14 a

1697 3454 71 13 means
1799 3450 24 17 to
1855 3447 50 19 raise
1938 3445 63 21 funds
2030 3445 35 21 for

1696 3476 155 23 handicapped
1885 3475 97 19 workers.
2015 3475 47 18 Mrs.

1696 3504 106 20 Churchill
1822 3505 16 18 is
1855 3506 45 21 past
1918 3504 104 23 president
2041 3502 24 20 of

1697 3534 150 19 Northeastern
1868 3532 47 20 U.S.
1938 3533 76 18 Leader
2032 3531 32 20 for

2083 3095 25 19 all
2138 3092 124 21 Auxiliaries
2290 3095 24 17 to
2343 3092 107 19 Goodwill

2083 3121 114 21 Industries

2119 3152 81 18 Models
2211 3151 20 19 in
2241 3151 35 19 the
2286 3151 58 18 show
2354 3150 43 23 give
2408 3151 43 17 two

2084 3186 23 14 or
2131 3180 66 23 three,
2222 3180 40 19 and
2287 3179 122 20 sometimes
2430 3184 21 13 as

2084 3215 62 18 many
2161 3215 21 13 as
2197 3208 40 20 five
2252 3208 69 23 nights
2335 3214 10 13 a
2357 3207 58 19 week
2428 3208 24 18 to

2084 3239 35 19 the
2131 3238 99 23 traveling
2242 3238 53 22 style
2306 3236 66 19 show.
2386 3236 32 19 All
2427 3234 26 21 of

2086 3268 51 19 then
2157 3267 49 20 time
2225 3268 16 18 is
2258 3266 134 19 volunteered
2411 3265 40 18 and

2085 3296 24 19 all
2121 3296 95 22 clothing
2225 3301 57 13 worn
2293 3295 19 18 in
2323 3294 36 19 the
2368 3294 58 19 show
2437 3299 15 13 is

2085 3323 98 25 donate.
2209 3323 44 21 The
2278 3323 57 20 show
2362 3321 90 20 features

2086 3352 69 25 Byron
2169 3349 107 24 Churchill
2288 3351 26 21 of
2325 3351 127 20 Watertown

2086 3388 28 13 on
2149 3382 33 20 the
2216 3384 62 22 piano
2310 3381 40 19 and
2385 3380 66 19 frank

2086 3410 112 21 McDewell
2223 3410 24 21 of
2270 3407 80 23 Everett
2374 3410 20 19 ih
2417 3409 35 20 the

2086 3441 85 20 clothes.
2202 3440 44 20 The
2274 3443 43 16 two
2345 3444 47 14 men
2420 3443 33 14 are

2085 3471 119 19 co-holders
2221 3469 23 20 of
2258 3469 36 19 the
2309 3468 53 19 Year
2376 3468 77 19 Award

2086 3499 33 19 for
2147 3499 62 23 1972,
2234 3498 110 24 presented
2367 3497 28 24 by
2418 3497 35 19 the

2086 3527 105 21 Goodwill
2202 3527 114 22 Auxiliary.

1699 3579 284 48 Handicapped
2006 3577 170 37 children
2216 3575 95 36 have
2324 3574 78 48 fun

1731 3647 44 19 The
1794 3646 122 23 Cambridge
1939 3645 125 19 Recreation

1698 3676 152 23 Department
1883 3674 15 18 is
1930 3673 91 23 offerin*
2053 3677 10 15 a

1697 3704 149 21 recreation
1881 3706 110 21 program
2025 3701 39 20 for

1698 3733 160 25 physically
1893 3732 171 22 handicapped

1696 3763 101 19 children.
1822 3762 43 19 The
1888 3766 95 19 program
2006 3760 59 19 takes

1698 3793 58 23 place
1770 3792 51 19 each
1836 3790 103 23 Saturday
1951 3789 113 19 afternoon

1698 3821 54 20 from
1777 3820 168 24 approximately
1973 3819 7 19 I
2007 3820 22 17 to
2051 3818 13 18 4

1698 3857 49 17 p.m.
1773 3852 20 17 at
1818 3850 35 19 the
1875 3848 124 23 Cambridge
2021 3847 44 19 War

1699 3880 113 19 Memorial.

1733 3908 43 19 The
1802 3911 95 20 program
1920 3906 39 19 will
1982 3905 82 20 include

1698 3937 50 19 such
1781 3937 102 19 activities
1914 3940 22 14 as
1968 3934 97 22 bowling,

1699 3967 143 21 swimming,
1877 3965 61 22 trips
1972 3965 25 17 to
2031 3962 34 19 the

1700 3996 121 23 Aquarium,
1836 3994 93 18 Museum
1939 3990 24 21 of
1973 3991 92 22 Science,

2084 3641 79 23 Circus,
2178 3641 39 18 and
2231 3640 34 19 the
2324 3638 81 20 Follies.
2419 3640 32 18 An

2085 3669 107 23 overnight
2210 3669 95 23 camping
2324 3669 40 22 trip
2378 3669 16 18 is
2408 3668 43 19 also

2085 3699 88 23 planned
2185 3696 33 20 for
2229 3697 33 19 the
2272 3702 73 18 group.

2120 3727 43 19 The
2176 3732 94 19 program
2283 3727 15 19 is
2310 3725 98 24 designed
2418 3725 35 20 for

2086 3757 59 19 those
2173 3756 93 19 children
2294 3756 48 19 who
2366 3756 51 18 have
2441 3760 10 13 a

2086 3784 110 26 physical
2231 3784 121 24 handicap
2384 3784 68 19 which

2085 3815 149 20 restricts
2270 3813 74 20 them
2381 3812 71 20 from

2086 3843 160 24 participating
2278 3843 19 18 in
2330 3847 11 14 a
2373 3842 79 23 regular

2086 3872 115 20 recreation
2211 3876 101 19 program.

2119 3901 171 23 Vplunteers
2327 3904 39 14 are
2401 3899 51 19 also

2086 3930 78 19 needed
2194 3929 31 19 for
2251 3930 34 17 the
2312 3933 94 18 program
2432 3933 20 14 as

2086 3960 56 18 swim
2165 3960 130 18 instructors,
2316 3957 75 19 drivers
2412 3958 38 17 and

2085 3988 62 19 aides.
2173 3986 125 20 Individuals
2322 3987 85 21 wishing
2430 3988 21 17 to

2086 4016 107 19 volunteer
2211 4014 33 20 for
2260 4015 33 19 the
2309 4018 94 21 program
2420 4019 31 14 are

2086 4045 129 22 encouraged
2241 4047 23 17 to
2288 4045 85 17 contact
2399 4041 53 21 Joan

2087 4073 111 20 Halverson
2223 4075 21 17 at
2269 4073 34 19 the
2328 4073 124 19 Recreation

2088 4102 135 22 Department

2497 762 105 21 ALUMNI
2632 764 93 20 ELECT:
2754 766 72 20 Ernest

2463 795 81 19 Kirwan
2556 796 24 19 of
2591 796 123 24 Cambridge
2726 799 35 17 has
2773 801 52 16 been

2462 827 79 19 elected
2566 828 44 18 vice
2618 829 106 21 president
2745 831 23 18 of
2791 832 35 17 the
2852 829 7 20 I

2462 859 75 18 Rhode
2550 860 65 18 Island
2628 861 77 19 School
2719 862 22 19 of
2751 863 74 23 Design
2851 849 8 32 I

2461 891 84 18 Alumni
2564 893 138 19 Association.
2721 894 29 18 He
2768 895 14 18 it
2801 900 24 14 an

2461 926 100 15 associate
2576 926 81 19 partner
2670 924 23 19 of
2707 924 80 20 Fenton
2800 925 25 20 G.

2462 953 66 23 Keyes
2548 954 124 24 Associates,
2690 957 109 19 architects
2817 956 8 22 /

2460 987 120 22 engineers
2611 985 9 23 /
2652 988 102 22 planners.
2787 990 38 19 Mr.

2462 1017 80 20 Kirwan
2568 1018 14 19 it
2606 1025 28 13 on
2659 1020 36 19 the
2717 1022 107 19 executive

2460 1050 202 20 committee
2704 1052 31 19 of
2773 1053 51 19 the

2460 1081 163 24 Neighborhood
2634 1083 42 19 Ten
2686 1084 52 19 Assn

2465 1145 74 30 Bus
2559 1145 139 31 service

2467 1195 124 46 begun
2613 1203 39 27 to
2672 1196 127 35 House

2464 1255 43 34 of
2524 1254 219 36 Correction

2494 1313 44 19 The
2559 1313 73 20 MBTA
2651 1314 35 19 has
2703 1314 66 23 begun
2787 1314 38 19 bus

2460 1343 76 18 service
2548 1345 23 16 to
2583 1343 34 18 the
2631 1343 113 19 Middlesex
2755 1343 70 19 House

2460 1371 25 19 of
2492 1371 123 19 Correction
2624 1371 20 19 in
2655 1371 99 20 Billerica.

2496 1399 101 20 Effective
2620 1400 50 19 with
2690 1401 35 18 the
2745 1400 79 24 weekly

2460 1428 109 19 schedules
2585 1434 28 13 on
2627 1428 90 24 January
2733 1429 20 23 2,
2767 1429 57 20 there

2461 1458 14 18 is
2489 1463 11 13 a
2515 1458 103 19 diversion
2629 1458 25 19 of
2666 1458 34 19 the
2714 1458 76 19 Lowell
2802 1461 23 17 to

2461 1486 79 19 Boston
2553 1486 39 19 bus
2603 1488 60 17 route
2672 1489 24 17 to
2705 1488 75 18 service
2790 1487 34 19 the

2461 1515 114 19 Middlesex
2588 1515 70 19 House
2670 1515 24 19 of
2700 1515 125 20 Correction

2461 1544 71 19 before
2545 1545 40 18 and
2597 1544 54 20 after
2662 1545 81 23 visiting
2754 1545 70 19 hours.

2494 1573 60 24 Trips
2583 1574 55 18 leave
2667 1573 50 19 Park
2747 1574 78 23 Square

2461 1602 110 23 weekdays
2585 1604 20 17 at
2620 1608 58 13 noon
2692 1603 40 18 and
2748 1602 11 20 3
2774 1608 42 19 p.m

2461 1631 39 20 and
2513 1630 54 21 from
2581 1631 77 20 Lowell
2667 1634 20 17 at
2700 1632 66 19 12:30
2774 1637 49 19 p.m.

2460 1661 40 19 and
2511 1661 11 19 3
2533 1665 48 19 p.m.

2495 1689 48 20 This
2558 1695 44 13 new
2617 1690 76 19 service
2707 1695 57 14 came
2778 1696 22 13 as
2814 1696 11 13 a

2460 1719 69 19 result
2562 1719 25 19 of
2616 1719 126 20 discussions
2774 1719 51 19 with

2460 1747 80 20 Sheriff
2557 1747 55 20 John
2632 1747 17 20 J.
2668 1748 91 23 Buckley
2776 1748 49 20 who

2461 1777 86 23 pointed
2563 1780 37 15 out
2615 1777 45 18 that
2675 1782 62 18 many
2752 1777 23 19 of
2789 1777 35 19 the

2461 1806 66 22 wives,
2546 1806 87 19 families
2650 1806 39 19 and
2707 1806 78 19 friends
2801 1806 25 19 of

2461 1835 88 19 inmates
2575 1834 25 20 of
2625 1835 35 19 the
2687 1835 138 20 correctional

2460 1863 121 20 institution
2613 1869 52 13 were
2697 1864 74 19 unable
2801 1866 24 17 to

2461 1893 60 18 make
2535 1893 56 19 visits
2605 1893 87 19 because
2707 1892 24 20 of
2745 1893 44 19 lack
2801 1893 25 19 of

2461 1922 171 23 transportation.

2495 1950 43 19 The
2556 1950 42 19 fare
2613 1949 54 20 from
2682 1950 49 19 Park
2747 1950 78 25 Square

2461 1979 19 18 in
2504 1978 79 20 Boston
2602 1980 16 18 is
2637 1978 26 20 9S
2685 1982 66 19 cents;
2769 1978 55 21 from

2461 2007 87 20 Kendall
2566 2008 84 23 Square,
2667 2008 28 19 90
2712 2010 56 17 cent:
2784 2008 41 19 and

2461 2036 55 19 from
2546 2036 110 24 Arlington
2684 2036 84 24 Center,
2797 2036 26 20 75

2461 2068 63 16 cents.

2496 2093 65 20 Exact
2571 2093 42 20 fare
2623 2095 16 18 is
2647 2094 102 23 required.

2465 2140 153 36 Donate
2639 2141 113 34 blood

2472 2198 39 27 at
2532 2190 228 47 Longfellow

2507 2253 123 23 Cambridge
2661 2253 44 19 Red
2734 2253 61 19 Cross
2821 2253 18 19 is

2472 2283 119 23 organizing
2611 2288 10 12 a
2646 2281 67 20 Blood
2736 2282 59 19 Drive
2815 2284 24 17 to

2473 2312 47 23 help
2536 2314 54 16 meet
2606 2312 34 18 the
2653 2312 63 18 needs
2727 2310 34 20 for
2773 2311 66 19 blood

2473 2340 74 23 during
2559 2340 34 18 the
2606 2340 73 18 winter
2689 2340 91 17 months.
2790 2340 49 17 This

2475 2369 14 18 is
2504 2369 35 18 the
2552 2369 49 18 time
2613 2368 25 19 of
2648 2373 49 18 year
2709 2368 60 19 when
2781 2368 58 19 there

2474 2397 15 18 is
2508 2397 76 22 always
2601 2402 10 13 a
2628 2402 59 18 grave
2703 2396 95 24 shortage
2815 2396 26 19 of

2474 2425 64 19 blood
2560 2425 21 19 in
2603 2425 166 19 Massachusetts.
2791 2425 47 19 Last

2473 2460 48 17 year
2533 2455 35 18 the
2580 2457 54 17 state
2646 2460 40 13 was
2698 2453 20 19 in
2730 2460 10 13 a
2752 2454 87 19 disaster

2473 2483 100 19 situation
2595 2483 40 19 and
2655 2483 100 23 hospitals
2774 2483 64 19 could

2474 2514 36 17 not
2524 2514 33 22 get
2571 2512 34 19 the
2618 2512 65 19 blood
2696 2512 49 23 they
2757 2511 81 19 needed

2473 2540 33 21 for
2533 2541 82 19 routine
2639 2540 128 24 operations.
2794 2540 44 19 Red

2472 2569 62 20 Cross
2566 2569 72 20 Youth
2670 2570 103 19 members
2805 2575 32 13 are

2473 2599 110 23 recruiting
2615 2598 78 19 donors
2723 2597 32 20 for
2784 2597 55 20 their

2473 2627 64 19 blood
2541 2627 77 19 mobile
2628 2627 68 19 which
2705 2626 40 20 will
2755 2627 25 19 be
2789 2626 48 20 held

2473 2661 27 14 on
2523 2656 110 23 Saturday,
2652 2655 90 24 January
2764 2655 34 23 13,
2817 2657 21 17 at

2473 2684 35 20 the
2534 2684 129 24 Longfellow
2688 2684 85 23 School,
2795 2683 42 20 359

2473 2714 123 23 Broadway,
2613 2714 95 18 between
2725 2713 35 19 the
2774 2712 65 20 hours

2473 2742 23 19 of
2520 2742 53 19 9:45
2597 2747 47 14 a.m.
2667 2743 23 18 to
2713 2741 52 20 3:30
2787 2747 49 17 p.m.

2473 2770 82 20 Donors
2569 2770 94 20 between
2675 2770 35 19 the
2722 2775 46 19 ages
2776 2769 25 20 of
2813 2769 24 20 18

2473 2800 39 18 and
2527 2799 28 20 66
2571 2804 32 14 are
2615 2799 63 23 urged
2691 2801 22 16 to
2725 2798 112 24 telephone

2474 2828 34 19 the
2522 2828 44 19 Red
2577 2827 62 20 Cross
2650 2827 73 19 Youth
2734 2826 71 20 Office
2817 2829 21 17 at

2474 2857 128 19 354-7800
2635 2857 46 19 and
2715 2856 65 19 make
2812 2861 25 14 an

2473 2886 147 23 appointment
2630 2891 54 13 now.

2508 2914 55 20 John
2576 2914 69 23 Samp;
2655 2914 105 19 chairman
2769 2913 25 19 of
2803 2912 34 20 the

2475 2943 44 20 Red
2538 2942 61 20 Cross
2618 2942 73 19 Youth
2709 2942 128 19 Committee

2476 2973 51 22 said,
2547 2971 57 20 “The
2623 2971 47 19 kids
2688 2971 50 19 have
2758 2970 55 20 done
2830 2976 11 13 a

2474 3000 117 20 wonderful
2609 3000 47 24 job,
2678 3001 36 18 but
2735 3005 30 13 we
2785 3000 52 18 need

2473 3034 58 15 more
2547 3029 76 20 donors
2638 3031 22 17 to
2675 3031 55 17 meet
2742 3034 38 14 our
2791 3029 48 23 goal

2473 3058 25 20 of
2512 3058 40 20 100
2562 3058 57 20 units
2630 3058 24 19 of
2663 3058 64 19 blood
2737 3058 41 19 and
2787 3057 51 19 look

2473 3090 24 17 to
2514 3087 34 20 the
2566 3087 132 23 community
2712 3089 23 17 to
2748 3089 90 21 support

2474 3117 53 19 their
2552 3115 80 20 efforts.
2658 3115 33 18 We
2715 3116 55 23 hope
2794 3116 44 18 that

2473 3151 103 19 everyone
2593 3145 48 19 who
2658 3150 46 18 can,
2721 3144 39 19 will
2778 3144 60 19 make

2474 3180 25 14 an
2516 3175 147 23 appointment
2678 3175 23 17 to
2714 3174 43 24 give
2773 3173 66 19 blood

2473 3204 91 23 January
2587 3203 32 24 13,
2642 3201 77 21 1973.”
2736 3203 29 19 He
2783 3205 55 17 went

2473 3238 28 14 on
2516 3235 24 18 to
2554 3238 34 18 say
2604 3232 43 20 that
2663 3232 79 20 donors
2754 3234 33 22 get
2801 3231 38 20 full

2474 3267 97 19 coverage
2597 3261 32 20 for
2653 3261 123 20 themselves
2798 3260 41 20 and

2474 3290 72 24 family
2572 3290 32 19 for
2628 3296 41 13 one
2691 3295 49 19 year
2761 3289 20 20 in
2804 3289 35 20 the

2475 3319 76 20 United
2565 3319 67 20 States
2644 3319 40 20 and
2696 3317 91 24 Canada,
2799 3319 40 19 and

2475 3349 74 19 should
2567 3349 49 23 they
2635 3349 75 23 belong
2726 3350 24 17 to
2766 3353 11 14 a
2795 3348 44 19 Red

2474 3377 60 21 Cross
2563 3377 65 20 Blood
2654 3376 94 25 Program
2771 3382 68 18 group

2475 3407 52 19 their
2543 3407 101 19 donation
2657 3406 39 19 will
2709 3406 25 19 be
2745 3406 94 19 credited

2475 3438 23 17 to
2507 3435 54 20 their
2569 3441 73 19 group.

2510 3465 55 20 Start
2577 3465 34 18 the
2625 3464 49 19 New
2686 3463 53 20 Year
2748 3464 53 23 right
2811 3463 28 23 by

2475 3493 98 25 “caring”
2584 3493 33 19 for
2626 3498 100 14 someone
2736 3492 48 19 who
2794 3493 15 18 is
2819 3492 20 20 in

2475 3523 106 23 desperate
2597 3522 52 19 need
2663 3521 25 19 of
2702 3521 64 19 blood
2781 3536 36 4 ...
2829 3528 11 12 a

2475 3553 45 19 unit
2536 3551 25 20 of
2577 3556 52 19 your
2646 3550 65 20 blood
2729 3555 47 18 may
2793 3555 46 14 save

2475 3580 117 20 someone’s
2602 3580 42 19 life.

2471 3640 63 35 On
2555 3640 203 34 Middlesex

2477 3705 168 48 Hospital
2666 3705 92 35 staff

2506 3779 50 19 Two
2585 3777 122 24 Cambridge
2735 3776 101 20 residents

2472 3808 58 19 have
2561 3807 73 24 joined
2667 3806 34 19 the
2733 3804 51 20 staff
2816 3807 20 17 at

2472 3837 113 19 Middlesex
2617 3836 87 23 County
2734 3834 102 23 Hospital,

2472 3865 139 22 Waltham,
2646 3870 11 13 a
2692 3862 144 21 multi-level

2472 3894 132 23 community
2624 3893 95 20 oriented
2739 3890 96 24 hospital.

2509 3923 70 23 Lesley
2592 3922 100 22 Utidjian,
2706 3921 43 22 RN,
2759 3920 25 19 of
2797 3920 35 19 181

2474 3952 156 24 Fayerweather
2646 3953 25 17 st.
2690 3951 14 18 is
2719 3956 9 12 a
2744 3949 92 19 member

2472 3981 24 19 of
2509 3982 33 18 the
2553 3981 81 22 nursing
2645 3980 130 23 department
2786 3977 51 19 staff

2472 4010 40 18 and
2536 4008 100 20 Kathleen
2660 4008 85 23 Quigley
2766 4007 23 19 of
2808 4006 28 19 42

2474 4038 98 20 Kinnaird
2589 4040 18 17 st
2632 4039 16 18 is
2665 4043 10 14 a
2692 4036 110 20 counselor
2817 4036 19 18 in

2473 4068 35 19 the
2523 4066 44 21 half
2580 4072 44 18 way
2638 4068 64 17 house
2714 4065 33 20 for
2759 4065 78 19 former

2472 4097 51 23 drug
2533 4101 61 14 users.

126 148 123 21 lAWOARY
258 148 23 23 4.
291 148 47 20 1973

115 218 291 74 School
444 221 279 73 Board
761 222 348 72 decides:

114 315 132 23 (Continued
253 315 58 23 from
322 319 51 18 page
387 313 20 20 11

1307 943 534 72 Hovenanian
1881 968 348 46 answers

1308 1043 286 74 Willow
1630 1046 100 72 St,
1775 1049 365 69 criticism

1303 1131 132 23 (Continued
1442 1131 57 23 from
1510 1136 50 18 puge
1572 1130 21 23 I)

1696 155 162 19 CAMBRIDGE
1869 155 157 20 CHRONICLE

3423 161 169 25 THREE

131 2760 21 51 THE
128 2599 24 146 DISCOUNT
128 2493 23 73 SAVE
128 2443 21 36 AT
127 2306 24 123 ELBERY'S
128 2239 23 53 THE
128 2079 24 147 DISCOUNT
129 1990 21 73 FORD
127 1875 22 101 DEALER
127 1760 21 73 SAVE
128 1711 20 34 AT
128 1598 22 98 ELBERY
128 1574 22 13 S
128 1508 22 52 THE
129 1348 22 146 DISCOUNT
128 1259 21 75 FORD
128 1145 21 100 DEALER

163 1137 71 23 SAVE
249 1137 33 20 AT
297 1136 92 22 ELBERY
403 1136 13 21 S
429 1135 50 22 THE
493 1134 142 23 DISCOUNT
649 1134 73 21 FORD
736 1133 97 23 DEALER

208 1179 89 76 AT
320 1176 271 76 ELBERY
617 1171 188 79 FORD

294 1264 43 41 in
352 1262 357 43 CAMBRIDGE

210 1318 47 43 49
281 1317 129 41 BRAND
433 1315 84 43 NEW
541 1315 89 43 1972
653 1314 124 43 FORDS

240 1371 49 29 AT
308 1370 198 30 DISCOUNT
525 1370 86 30 SALE
630 1369 125 30 PRICES

170 1422 37 29 72
222 1422 69 28 FORD
405 1419 78 31 52872

169 1459 45 20 Gran
237 1458 56 20 Torino
304 1456 10 21 2
325 1456 23 21 dr.
360 1456 50 24 hdtp.,
423 1456 61 24 factory

169 1485 83 21 oir-cond
262 1501 6 8 ,
283 1485 124 21 cruitomatic,
423 1489 61 18 powtr

170 1517 73 21 steering,
261 1513 65 21 brakes,
342 1514 30 17 etc.
389 1510 47 21 Stock
452 1510 31 20 No.

169 1540 34 20 P2O

515 1418 37 28 72
570 1419 97 26 IMPALA
752 1416 76 29 52872

515 1456 10 19 4
541 1454 24 21 dr.
582 1454 41 24 H.T.,
639 1453 64 24 factory
718 1452 85 23 oir-tond.,
819 1452 10 20 9

515 1482 35 25 cyl.,
562 1489 55 17 power
628 1480 48 26 glide,
688 1487 55 18 power
755 1484 74 21 steering,

515 1509 66 23 brakes,
590 1509 20 19 all
619 1508 39 25 vinyl
667 1508 68 23 interior;
743 1510 30 17 elc.
783 1506 46 20 Stock

515 1537 31 19 No.
556 1535 47 21 3136

157 1579 46 41 [7l
223 1581 64 27 FURY
306 1580 40 27 111
407 1579 72 29 $1971

169 1619 10 18 4
189 1618 22 19 dr.
219 1616 43 24 H.T.,
267 1616 63 25 factory
338 1615 84 24 ok-cood.,
431 1615 10 20 8
449 1615 36 25 cyl.,

169 1647 31 18 AM
214 1645 52 22 rodw,
282 1644 20 20 all
316 1644 40 24 vinyl
372 1644 68 22 interior,
454 1645 29 17 etc.

170 1672 46 20 Stock
225 1672 39 20 Nos.
275 1670 52 25 3207,
336 1670 46 20 3222

518 1581 33 29 71
572 1580 107 29 GALAXIE
754 1579 26 28 SI
786 1579 29 26 94
818 1579 12 26 7

516 1620 36 22 500
560 1622 10 18 4
579 1620 23 20 dr.
611 1619 41 23 H.T.,
659 1618 110 23 Cruisomotic,
777 1617 11 20 8
795 1616 36 25 cyl.,

517 1652 56 18 power
584 1649 75 21 steering,
670 1644 46 21 radio
727 1644 32 21 and
770 1645 63 23 heater,

517 1672 31 21 all
567 1672 59 25 vinyl
645 1672 103 20 interior.
768 1671 64 20 Stock

518 1702 53 20 NoV:
581 1700 52 24 3124,
642 1700 108 24 3141,3145

259 1753 125 32 ELBERY
396 1752 87 31 FORD
493 1752 47 29 A-1
556 1751 83 30 USED
652 1750 84 30 CARS

520 1802 31 24 ’7O
565 1801 53 24 SAAB
631 1800 11 24 2
650 1800 29 23 Dr.
770 1799 21 24 SI
797 1799 37 23 788

517 1835 59 16 Model
592 1835 40 18 99E.
649 1836 10 13 4
677 1834 64 19 Speed,
757 1835 32 14 AM
805 1835 26 14 FM

516 1856 59 18 Radio,
591 1855 58 16 Radiol
664 1855 49 17 T»r#s.
729 1859 31 11 on#
775 1859 56 11 ewn#r

517 1881 42 11 tine#
568 1882 40 9 n#w.
676 1886 6 7 j

519 1912 31 25 70
563 1913 55 23 FORD
631 1912 36 24 LTD
769 1912 64 27 $1795

518 1941 47 16 2-Dr.
583 1941 81 19 Hardtop.
681 1941 37 15 390
734 1941 10 19 V
754 1941 10 19 8
774 1941 59 19 motor,

518 1961 110 19 Cruisomotic,
638 1962 21 15 all
668 1962 41 19 vinyl
718 1965 51 15 seats,
778 1966 55 14 power

519 1985 74 17 steering,
603 1987 56 13 power
668 1982 33 15 disc
711 1982 65 17 brakes,
786 1983 47 14 white

518 2003 51 17 walls,
581 2002 50 16 wheel
642 2007 61 13 covers,
714 2002 91 17 remainder
815 2002 18 16 of

519 2023 39 16 Ford
570 2023 52 16 Motor
634 2023 10 16 5
656 2028 21 14 yr.
690 2028 19 10 or
720 2021 65 20 50,000
797 2023 35 15 mile

518 2043 55 16 Power
581 2043 43 15 Train
632 2043 90 19 Warranty.

518 2073 33 23 ’7O
563 2070 126 26 CHEVROLET
768 2070 64 25 $1495

516 2105 98 19 Hiscoyoe-4
631 2103 33 19 Dr.,
680 2103 36 16 3SO
731 2103 24 15 Vt
770 2103 60 17 Motor,

517 2125 103 19 Powergiide,
637 2124 53 16 Power
706 2123 78 19 Steering,
800 2123 30 14 AM

516 2145 56 16 Radio.
581 2144 34 16 Like
623 2149 40 11 new.

516 2182 31 25 '69
560 2182 57 24 FORD
749 2195 5 5 •
765 2179 65 25 $1995

518 2211 70 19 Country
603 2211 56 19 Squire
675 2211 68 20 Wagon,
758 2211 35 16 302
809 2211 23 16 V
857 2211 24 20 8

518 2232 58 18 Motor,
590 2231 109 18 CruisomafK,
715 2237 54 14 power
784 2235 40 12 steer-

518 2253 35 20 ing,
570 2253 32 14 AM
619 2251 61 19 Radio,
697 2252 57 16 White
770 2247 61 23 Walls,

518 2273 56 15 Wheel
585 2272 64 19 Covers,
661 2272 94 16 Remainder
765 2272 18 15 oF
793 2272 39 15 Ford

517 2294 52 14 Motor
579 2293 10 15 5
598 2298 22 14 yr.
630 2298 17 10 or
657 2293 66 18 50,000
731 2293 38 15 Milo
778 2293 53 15 Power

516 2312 45 17 Train
569 2313 90 18 Warranty.

520 2343 31 24 ’69
565 2341 125 25 CHEVROLET
769 2339 65 25 $1695

516 2374 72 17 Comoro
600 2374 77 19 Hardtop,
690 2373 36 16 307
737 2373 9 20 V
755 2373 10 20 8
774 2373 57 20 Motor,

518 2395 103 20 Powergiide,
633 2394 54 16 Power
699 2394 78 19 Steering,
789 2394 43 18 Vinyl

518 2415 45 19 Root,
572 2416 31 15 AM
611 2415 55 18 Radio,
675 2414 38 16 One
721 2414 61 16 Owner
790 2416 42 14 since

517 2441 42 11 now.

518 2471 32 23 ‘6B
563 2471 47 23 Ford
768 2469 65 25 $l2BB

518 2501 45 16 Gaia
566 2503 24 14 vie
602 2500 34 17 500
648 2501 20 16 XL
679 2501 107 18 Convertible.
798 2501 35 16 302

518 2521 25 16 VI
560 2522 65 18 Motor,
642 2521 116 17 Cruisomotic
775 2522 58 19 Drive,

518 2542 54 16 Power
583 2542 78 19 Steering,
671 2543 30 14 AM
711 2542 54 19 Radio,
776 2543 57 16 tucket

520 2564 48 15 Seats
576 2563 33 16 and
616 2562 74 16 Console.

516 2588 30 25 ’67
561 2587 152 24 THUNDERBIRD
766 2586 64 25 $1095

520 2619 84 16 Landau-2
621 2619 25 15 Dr.
663 2618 79 19 Hardtop,
760 2618 34 15 390
810 2616 23 16 V
857 2616 24 21 8

519 2640 62 18 Motor,
597 2639 116 18 Cruitomatic,
731 2638 43 20 Fully
791 2638 33 16 Pow-

518 2660 47 19 ered,
573 2661 40 18 Very
621 2660 51 15 clean.

172 1806 30 24 72
215 1806 57 24 FORD
423 1804 64 26 $2BBB

171 1835 46 15 Gran
231 1835 55 15 Torino
329 1833 10 16 2
353 1833 42 16 Door
409 1833 77 18 Hardtop,

172 1854 31 17 351
219 1854 9 18 V
237 1854 9 18 8
255 1854 56 18 motor,
322 1854 104 15 Cruisomotic
436 1854 51 17 drive,

171 1880 56 14 power
235 1877 75 16 steering,
319 1879 54 14 power
381 1874 33 15 disc
421 1874 65 17 brakes,

172 1896 50 15 tinted
233 1896 50 19 glass,
294 1894 62 20 factory
367 1899 22 11 air
400 1893 78 17 condition-

171 1922 24 12 er,
203 1917 30 14 AM
242 1915 52 17 radio.

172 1948 31 25 72
215 1948 34 23 VW
261 1948 12 23 2
285 1947 28 24 Dr.
423 1946 64 27 $1895

172 1977 62 18 Sedan,
248 1978 32 14 AM
294 1976 51 18 radio,
359 1976 10 14 4
385 1975 57 19 speed,
456 1980 31 10 one

172 2002 56 11 owner
244 1998 45 15 since
303 2002 43 12 new,
362 1996 31 15 low
409 1996 76 19 mileage.

172 2018 33 15 Still
213 2019 15 14 in
236 2017 63 20 factory
307 2019 84 17 warranty.

173 2050 27 23 71
215 2049 58 24 FORD
285 2049 37 24 LTD
423 2047 64 27 $2895

172 2079 100 19 Brougham,
289 2077 45 17 2-Dr.
351 2077 83 19 Hardtop.
450 2077 37 16 400

172 2099 33 16 CID
222 2101 60 15 motor,
297 2098 117 18 Cruisomotic,
430 2102 56 14 power

172 2122 90 16 steering;
279 2123 62 14 power
356 2118 39 16 disc
412 2117 74 19 brakes,

172 2140 71 15 AM/FM
257 2141 54 14 stereo
325 2138 51 19 radio,
391 2138 40 19 vinyl
445 2137 41 18 roof,

172 2166 23 10 air
208 2159 105 18 conditioner,
326 2158 50 16 tinted
388 2159 50 19 glass,
452 2157 34 19 22,-

171 2180 36 16 000
223 2180 67 20 original
306 2180 49 15 miles.
372 2178 38 16 Sold
426 2178 13 16 It
456 2183 23 11 ser-

171 2200 46 16 viced
226 2200 21 20 by
254 2206 19 10 us
282 2202 41 14 since
331 2205 40 10 new.

172 2232 28 26 71
214 2232 162 26 TOYOTA—2-Or.
423 2230 64 28 $l3BB

172 2263 10 14 4
199 2261 60 19 speed,
275 2260 81 17 standard
370 2260 53 18 drive,
438 2260 48 15 white

172 2282 50 18 walls,
231 2282 52 15 wheel
290 2286 61 14 covers,
358 2286 31 10 one
396 2285 61 11 owner.

172 2314 28 24 71
216 2313 109 25 MAVERICK
423 2312 63 27 $l7BB

172 2343 43 16 2-Dr.
226 2342 60 16 Sedan.
296 2341 35 16 200
339 2341 31 16 CID
379 2343 56 16 motor,
443 2340 34 17 Crui-

171 2365 67 13 somolic
247 2362 50 18 drive,
305 2362 31 15 AM
344 2361 51 19 rodso,
404 2362 31 15 low
443 2361 34 15 mile-

171 2389 33 14 ov

173 2416 30 23 70
216 2415 57 24 FORD
423 2413 64 26 $2495

172 2444 76 19 Country
264 2442 105 21 Squire—lo
384 2448 102 14 passenger.

173 2464 36 17 390
217 2463 9 19 V
235 2463 9 19 8
253 2463 53 19 motor,
315 2463 109 18 Cruitomatic,
433 2468 53 14 power

174 2488 75 15 steering,
258 2489 55 14 power
322 2484 33 16 disc
363 2484 65 17 brakes,
437 2483 50 15 tinted

173 2506 49 19 glass,
235 2502 62 21 factory
309 2505 23 15 air
342 2504 103 17 conditioner,
457 2504 30 14 AM

174 2526 51 15 radio.
236 2525 94 16 Remainder
341 2524 17 16 of
367 2524 39 16 Ford
416 2525 51 15 Motor
477 2524 10 15 5

173 2551 24 20 yr.
210 2551 18 10 or
242 2545 66 18 50,000
321 2545 43 16 miles
379 2544 52 16 Power
445 2544 42 16 Troin

174 2566 92 19 Warranty.

175 2599 32 24 70
221 2597 111 25 MAVERICK
425 2594 64 26 $1395

160 2628 1 25 ;
174 2632 10 16 2
194 2632 25 15 Dr.
230 2632 62 17 Sedan,
302 2630 35 16 200
346 2629 36 19 CIO,
391 2628 87 17 Croisomat-

160 2650 1 26 j
174 2658 13 10 It
197 2653 53 17 Drive,
261 2652 31 15 AM
303 2651 53 17 Radio,
368 2651 34 15 Low
413 2650 74 18 mileage,

174 2678 38 12 very
219 2673 52 15 clean.

179 2701 60 17 Harry
249 2700 50 15 Over
309 2707 14 4 -
334 2698 42 16 Sale
386 2698 61 16 Price*
456 2698 38 16 end
503 2702 24 11 on
537 2697 102 19 Saturday,
649 2698 88 17 January
746 2697 18 16 A,
775 2696 50 14 1973

179 2722 21 13 at
210 2720 11 15 S
232 2721 37 14 P.M
283 2720 39 15 Oar
331 2719 25 16 43
367 2723 57 11 rear*
433 2718 20 16 of
464 2718 154 18 Merchandising
789 2715 37 15 will

179 2746 47 9 save
236 2746 35 10 you
282 2742 94 12 hundred,
387 2742 18 10 d*
416 2741 68 11 Hollo.,
496 2744 22 8 on
528 2743 47 14 year
583 2737 100 20 purchase.

177 2764 366 162 ELBERY
589 2759 254 162 FORD

191 2928 71 46 43
277 2926 155 48 Years
451 2924 48 47 In
517 2923 286 56 Cambridge

281 2982 62 31 360
353 2983 99 30 RIVER
466 2984 38 31 ST
520 2999 26 8 -
564 2982 159 31 547-3820

205 3018 69 30 Cor.
287 3016 167 32 Memoriol
468 3016 89 31 Drive
617 3016 83 35 Open
714 3018 81 30 Eves.

135 3071 20 13 «/i
165 3069 71 22 SAVE
251 3069 33 20 AT
300 3067 94 22 ELBERY
406 3066 15 23 S
433 3066 51 22 THE
497 3065 145 23 DISCOUNT
656 3063 74 23 FORD
743 3063 97 23 DEALER

852 1141 22 73 SAVE
855 1230 19 32 AT
854 1278 21 96 ELBERY
854 1388 21 12 S
854 1415 22 50 THE
854 1480 22 147 DISCOUNT
856 1642 21 74 FORD
856 1730 21 100 DEALER
856 1872 22 72 SAVE
858 1959 21 33 AT
856 2007 22 98 ELBERY
857 2117 22 14 S
857 2146 21 50 THE
856 2209 22 146 DISCOUNT
857 2372 21 73 FORD
857 2459 21 99 DEALER
860 2595 21 72 SAVE
861 2682 19 31 AT
859 2731 21 97 ELBERY
859 2841 20 13 S
858 2869 21 50 THE
856 2934 22 148 DISCOUNT

252 3356 260 99 Find
575 3372 208 86 out
834 3359 333 99 what

252 3506 183 97 it's
496 3504 219 99 like
768 3514 130 86 to
959 3504 213 99 live

250 3648 228 102 and
537 3648 340 99 work
936 3648 104 97 in

250 3793 477 122 Europe.

321 3943 93 24 You’ve
428 3945 121 28 probably
560 3946 56 23 read
630 3947 75 23 about
718 3954 44 16 our
774 3947 129 30 European
916 3949 62 30 duty
988 3952 75 23 offer.
1077 3953 30 22 16

260 3984 100 22 months
373 3984 57 23 with
444 3984 40 24 the
496 3986 52 22 unit
559 3987 29 22 of
599 3994 62 20 your
672 3987 94 24 choice.
779 3987 164 26 Guaranteed.

320 4024 44 23 But
381 4025 87 28 maybe
483 4026 76 27 you’d
575 4026 47 23 like
637 4030 27 21 to
679 4027 72 23 know
767 4036 68 16 more
850 4029 76 24 about
941 4031 41 23 the
992 4032 51 28 job.
1056 4032 50 23 The

259 4067 114 25 country.
385 4065 33 23 Or
430 4073 67 16 more
509 4066 77 24 about
599 4067 97 28 today’s
708 4069 84 28 Army.

317 4104 55 23 Well
385 4105 77 23 here’s
473 4114 11 15 a
496 4106 93 24 chance
600 4110 28 20 to
639 4107 40 23 ask
692 4116 12 14 a
716 4116 55 16 man
784 4109 77 24 who’s
873 4110 60 24 been
946 4111 77 25 there.

317 4144 49 29 Sft.
390 4146 83 28 Burns,
492 4147 126 28 currently
637 4149 123 23 stationed
783 4150 58 22 with
863 4151 42 23 the
927 4151 36 23 Ist
986 4153 118 23 Armored

259 4184 61 30 Div.,
346 4185 132 29 Germany,
502 4187 46 23 will
572 4188 31 23 be
626 4189 23 22 in
672 4189 142 25 Somerville
839 4194 27 20 to
889 4191 40 24 tell
953 4200 50 21 you
1028 4193 75 24 about

258 4225 104 29 Europe.
376 4227 54 23 And
444 4227 40 23 the
495 4228 81 29 things
588 4236 48 20 you
648 4237 44 15 can
705 4230 33 24 do
750 4231 75 24 there.
839 4232 36 23 On
888 4233 41 22 the
940 4233 50 28 job.
1005 4234 54 23 And
1070 4242 33 15 on

257 4266 41 24 the
310 4267 139 24 weekends.

314 4307 50 23 Call
400 4315 47 20 me,
482 4309 50 29 Sgt.
569 4309 52 24 Bob
657 4310 91 29 Godin,
783 4316 24 19 at
839 4313 131 24 666-4182
1002 4316 38 21 for
1073 4323 28 14 an

255 4349 182 26 appointment.
450 4349 32 24 Or
492 4353 58 25 stop
562 4351 31 23 in.
606 4350 50 24 258
668 4352 51 23 Elm
732 4353 46 27 St.,
790 4353 71 24 Davis
872 4354 51 28 Sq.,
934 4354 68 24 Som.

592 4408 314 80 Today's
939 4407 223 78 Army

524 4500 246 57 wants
802 4501 81 55 to
912 4491 146 75 join
1093 4508 165 57 you.

1323 4083 296 48 CERAMIC
1643 4081 133 46 ART
1797 4078 261 50 SCHOOL

1378 4174 106 48 and
1512 4172 191 47 MOLL)
1731 4169 259 47 MAKING

1384 4264 65 22 NEW
1461 4260 204 28 TECHNIQUES
1678 4260 29 22 IN
1719 4259 145 23 CERAMIC
1878 4259 81 22 ARTS
1969 4259 19 21 &

1338 4305 90 23 MOLD
1440 4303 129 24 MAKING
1582 4314 19 5 -
1614 4300 159 25 DISCOVER
1787 4299 90 24 YOUR
1887 4296 155 26 TALENTS!

1325 4355 208 37 EVENING
1553 4351 209 40 CLASSES,
1790 4353 22 35 7
1833 4360 39 27 to
1896 4352 50 34 10
1966 4363 87 36 p.m.

1417 4434 64 27 233
1501 4434 90 26 Pearl
1607 4433 50 33 SL,
1774 4429 178 28 Somerville

1585 4496 210 36 623-9279

1416 4549 3 3 .
2050 4549 13 3 -

2100 4164 65 19 Steno
2183 4163 107 21 Secretary
2300 4164 23 15 to
2334 4158 57 21 $136
2448 4157 106 22 Secretary
2564 4160 22 15 to
2597 4156 56 19 $l3O

2101 4196 106 21 Secretary
2218 4198 23 15 to
2251 4193 57 20 $llO
2448 4189 103 18 Saletman
2561 4193 23 14 to
2596 4188 43 19 10K

2102 4227 53 20 Ass't
2175 4227 134 20 Bookkeeper
2321 4227 22 16 to
2355 4223 56 20 $l4O
2449 4222 109 21 Inventory
2570 4220 85 19 Control
2666 4220 58 18 Clerk
2735 4223 23 15 to
2768 4219 64 20 $l4O.

2102 4261 106 22 Secretary
2219 4262 22 16 to
2251 4257 65 21 $126.
2447 4252 59 21 Clerk
2516 4253 65 23 typist
2591 4255 23 17 to
2623 4251 66 22 *l3O.

2100 4292 119 24 Keypunch
2229 4290 103 22 Operator
2342 4292 23 16 to
2375 4286 58 22 $l2O
2449 4285 101 20 A**«tent
2560 4286 69 18 Credit
2640 4285 48 23 M«r.
2698 4288 23 15 to
2731 4283 58 22 $175

2129 4355 125 43 UNIT
2274 4354 254 42 EMPLOYMENT
2546 4353 158 43 SOVK3,
2723 4353 75 38 INC

2352 4430 33 27 24
2400 4429 129 29 CrMcmt
2544 4428 36 29 St.

2131 4509 137 19 nwVmpWf

2602 4490 52 30 T«L
2671 4490 50 30 199
2733 4490 34 29 55
2768 4488 35 30 JO

2865 426 38 28 v
2927 436 5 13 ■,

2930 206 602 99 ©©otDDaainfe

2987 312 129 28 CENTRAL
3135 310 44 29 SQ.
3198 309 66 28 AMD
3281 307 152 29 MARYAM
3448 306 46 30 SQ.

2930 386 620 112 JANUARY

2976 508 592 74 CLEARANCE

3106 627 200 36 SAVINGS

2945 684 67 35 ON
3036 675 44 44 Al
3087 684 38 35 J,
3146 680 381 40 DEPARTMENTS!

3055 992 376 188 OW

2958 1206 625 198 «S5S»*

3079 1461 20 20 .
3122 1395 241 84 bedo^
3366 1390 43 45 1,

3097 1476 302 86 .tO^fElS

3114 1623 23 23 .
3145 1596 66 53 cv
3211 1555 218 86 jrTMN
3429 1550 38 51 s

3133 1710 19 19 •
3165 1672 102 63 ETC-

2923 1775 609 325 SPEcS^

2896 2215 10 28 '
2952 2220 208 61 HUNTS'
3180 2197 148 54 Bt""'

2904 2264 665 106 UriWißSS?^-

3222 2484 92 48 °tfc

3337 2514 19 36 V

3358 2527 106 56 4%;

3028 2730 21 18 *

3123 2860 237 109 r%>

3210 2986 118 87 fs

3143 3071 116 89 •c\.

3161 3302 66 47 eft

3025 3327 123 60 ft***

3058 3425 94 70 \C
3153 3410 50 59 C

3127 3487 94 52 CO^

3457 3488 84 42 ttsss

3218 3513 70 41 \V3

3141 3537 78 44 GV°

3297 3548 46 38 nC
3344 3540 23 28 C

3172 3645 24 23 Ve

3294 3688 101 46 oft*

3211 3709 62 42 of

2988 3762 27 33 u

3441 4099 115 55 V\A^

3304 4129 132 54 sfIUEA

3029 4195 115 61 s*v*
3146 4189 50 39 v>

3218 4225 65 43 1>
3284 4216 26 37 C
3311 4207 61 61 *£

2896 4388 126 29 Central
3038 4389 48 35 Sq.
3104 4396 80 28 open
3206 4384 107 30 Thun,
3330 4383 66 28 and
3414 4383 48 27 Fri
3479 4393 75 17 even,

2883 4441 78 28 ant'd
2993 4442 77 26 9:00
3103 4440 145 28 Harvard
3264 4439 47 38 Sq.
3330 4449 80 27 open
3434 4438 16 26 1
3458 4437 138 30 hunday

3071 4489 83 28 Fves.
3172 4500 40 17 an
3218 4490 31 27 id
3267 4492 77 25 9:00
