3708 4754
148 229 272 92 Sports

105 383 219 73 Tech
365 387 215 84 wins,
622 386 249 71 CHLS
909 387 202 72 loses
1152 392 82 67 in
1285 392 228 71 track

107 505 27 22 By
147 503 56 20 DAN
215 504 93 21 QUEEN

140 535 80 23 Rmdgc
245 536 56 20 lech
325 537 105 21 remained
455 537 18 18 in

102 567 128 17 contention
255 565 32 19 for
308 566 34 18 the
363 565 110 19 Suburban

106 593 78 23 League
202 595 75 17 indoor
292 595 56 19 track
366 595 45 18 title
424 595 49 18 with

104 628 9 12 a
145 623 126 22 resounding
299 623 66 19 62-24
393 624 80 22 victory

103 657 65 13 over
207 653 151 22 Arlington
396 652 78 19 while

103 680 125 24 Cambridge
243 681 58 19 Latin
312 682 128 18 succumbed
451 684 23 16 to

104 716 9 11 a
136 711 103 22 powerful
259 710 126 24 Weymouth
405 710 68 19 South

104 741 64 19 team.
200 739 66 20 60-26
303 739 44 19 The
377 739 97 19 Warriors

105 768 90 23 brought
212 769 52 19 their
280 769 72 19 record
368 771 23 16 to
404 768 30 20 2-1
451 771 23 17 to

105 798 55 18 trail
197 798 118 19 unbeaten
348 798 126 23 Weymouth

105 826 68 20 South
204 828 27 22 by
259 832 41 14 one
327 832 58 18 game
414 828 60 17 while

106 861 114 19 remaining
232 857 20 18 in
264 862 9 13 a
287 856 103 22 four-way
404 856 27 19 tie
441 855 33 20 for

105 886 78 18 second
212 885 58 25 place
297 885 51 19 with
376 885 98 21 Newton,

107 915 115 19 Brockton,
242 915 39 19 and
302 915 107 18 Waltham.
430 914 43 18 The

489 499 101 20 Cantabs,
613 500 48 19 who
684 501 82 18 seemed
791 504 21 16 to
835 501 25 18 be

473 527 1 28 ,
491 527 67 24 facing
571 529 35 18 the
621 529 89 23 league's
719 530 45 18 iron
774 531 55 22 early
840 535 20 13 in

473 557 1 26 ,
491 557 34 19 the
541 563 74 14 season
628 559 50 18 have
691 558 62 19 fallen
767 562 23 15 to
802 565 10 12 a
828 559 31 20 1-2

473 586 1 26 ,
491 586 60 19 slate
586 587 65 20 after
684 593 90 17 winning
808 588 53 19 their

473 621 1 17 ,
491 621 85 15 opener.

530 654 70 18 Dixie
637 655 153 20 Kleamanakis
823 656 39 19 and

473 683 1 25 ■
495 683 84 19 Kevin
615 684 96 20 Watson
746 687 40 21 got
823 685 40 19 the

473 711 1 26 i
493 711 138 21 Technicians
643 713 34 19 off
689 717 23 16 to
724 720 10 13 a
746 715 56 22 good
812 717 50 17 start

473 741 2 26 s
495 742 48 18 with
562 741 44 19 first
625 744 40 17 and
684 744 55 18 third
758 744 68 23 places
844 750 19 12 in

473 770 2 25 >
494 770 33 18 the
565 771 56 19 1000
653 773 50 22 yard
737 778 44 13 run.
816 772 47 19 Ron

473 799 1 26 i
494 799 86 19 Walcott
595 800 32 19 led
640 807 10 12 a
664 802 57 18 three
735 807 47 13 man
795 807 68 18 sweep

473 828 1 21 ■
494 828 19 18 in
534 829 35 18 the
589 830 44 19 600
653 830 50 19 with
724 831 78 18 second
823 831 39 18 and

473 857 2 25 r
494 857 54 18 third
567 858 69 22 places
652 864 62 18 going
731 861 23 17 to
773 860 90 18 Ricardo

473 885 1 25 ,
491 885 126 25 Thompson
635 888 40 18 and
693 888 88 19 Richard
797 889 64 18 Ward.

473 914 1 22 ■
492 914 81 19 Warren
595 915 84 20 Ellcock
701 922 47 14 won
767 917 35 19 the
820 917 43 19 300

881 503 39 18 and
941 503 42 22 Ray
1004 504 83 19 Preston
1106 504 75 23 picked
1198 510 27 17 up
1240 511 8 12 a

880 533 79 17 second
990 538 19 12 in
1039 534 43 17 that
1110 536 61 15 event
1207 534 41 18 Wes

881 560 114 19 Johnson's
1015 561 44 19 first
1081 562 58 22 place
1157 567 40 14 was
1216 562 32 19 the

880 590 50 24 only
943 595 41 13 one
998 590 34 19 the
1042 590 97 19 Warriors
1150 591 98 22 managed

880 617 20 19 in
924 619 35 18 the
983 619 46 18 mile
1049 624 45 14 run.
1115 619 44 19 The
1179 623 69 19 strong

880 652 54 13 arms
950 647 24 19 of
988 647 56 19 John
1059 648 53 19 Silva
1128 649 39 19 and
1183 648 65 23 Gerry

881 675 88 19 Navikas
992 683 47 16 gave
1061 677 56 19 Tech
1141 677 44 19 first
1209 678 39 18 and

880 705 77 19 second
969 706 57 23 place
1037 707 19 17 in
1067 706 35 19 the
1112 706 48 19 shot
1171 708 44 21 put.

917 734 55 18 Mark
993 735 127 20 DeCambre.
1136 736 75 17 unable
1227 737 21 18 to

880 767 40 14 run
953 764 40 18 due
1027 766 22 17 to
1082 764 76 22 illness,
1190 770 58 13 came

880 791 90 23 through
992 793 49 18 with
1061 798 10 13 a
1090 793 44 18 first
1153 793 59 23 place
1229 794 19 18 in

880 821 40 18 the
956 821 47 23 high
1033 822 61 23 jump
1127 823 40 17 and
1202 822 46 19 Paul

880 849 53 19 Beck
938 850 47 19 ford
1009 851 66 19 added
1100 856 57 14 more
1178 852 70 23 points

880 879 49 19 with
945 885 10 13 a
967 880 79 19 second
1059 880 64 23 place.
1139 880 109 23 Arlington

880 913 47 14 won
950 911 26 16 its
996 908 44 19 first
1060 911 69 20 event,
1151 910 34 18 the
1206 912 42 17 two

880 938 47 18 mile
955 943 45 17 run,
1029 938 36 19 but
1092 939 35 18 the
1153 938 95 20 Warriors

880 967 99 23 managed
991 969 22 17 to
1023 967 47 24 pick
1081 972 28 18 up
1119 969 78 17 second
1208 968 40 19 and

880 996 64 18 third
981 997 68 22 place
1084 997 59 19 with
1179 997 69 19 Brian

880 1025 143 19 Bonoslawski
1043 1026 40 18 and
1104 1025 35 20 Sid
1158 1026 90 19 Alfonso

880 1054 88 23 battling
988 1058 23 15 to
1031 1055 58 22 bring
1109 1055 64 18 home
1191 1060 57 14 more

880 1084 79 22 points.
992 1084 83 19 Calbert
1110 1084 65 19 Lamb
1208 1091 40 12 was

879 1113 133 18 sandwiched
1038 1113 20 19 in
1084 1113 96 19 between
1206 1116 42 16 two

879 1141 111 23 Arlington
1004 1142 92 19 hurdlers
1109 1141 34 20 for
1152 1143 36 19 the
1197 1143 51 22 only

880 1171 70 22 points
959 1171 20 19 in
990 1171 44 19 that
1045 1173 67 17 event.

916 1200 46 23 Roy
988 1199 77 24 Eutsey
1091 1205 48 14 won
1163 1201 34 18 the
1219 1200 29 19 40

878 1228 50 23 yard
946 1229 51 19 dash
1016 1229 49 19 with
1082 1228 56 24 Greg
1155 1229 92 20 Pleasant

879 1258 83 23 picking
975 1263 28 18 up
1014 1264 11 13 a
1038 1258 60 24 point
1111 1259 51 18 with
1171 1265 11 13 a
1193 1258 54 20 third

879 1286 68 24 place
982 1285 70 21 finish.
1084 1287 76 19 Tech’s
1192 1287 56 24 relay

878 1317 83 22 quartet
986 1315 25 19 of
1035 1315 94 24 Ellcock,
1152 1316 95 23 Walcott,

880 1343 91 20 Pleasant
989 1345 40 19 and
1047 1345 84 19 Watson
1147 1345 100 24 (subbing

878 1372 34 20 for
924 1373 35 19 the
971 1374 93 18 disabled
1076 1374 131 21 DeCambre)
1216 1377 31 16 set

878 1407 11 14 a
906 1402 70 23 league
995 1402 56 19 mark
1066 1402 26 19 of
1106 1402 76 20 3:02.0
1196 1403 51 23 only

878 1432 23 17 to
918 1435 32 14 see
969 1430 35 19 the
1023 1431 56 18 mark
1097 1432 72 19 vanish
1186 1432 61 18 when

879 1458 107 20 Brockton
1016 1465 58 14 came
1103 1465 28 18 up
1159 1459 50 20 with
1237 1465 10 14 a

878 1487 70 19 3:00.1
975 1487 97 25 clocking
1094 1488 52 19 later
1169 1489 19 19 in
1212 1489 35 18 the

877 1516 48 22 day.
946 1516 58 19 “The
1024 1517 54 22 relay
1100 1522 41 14 was
1160 1523 11 13 a
1190 1517 56 23 good

877 1546 59 17 event
965 1544 34 20 for
1027 1544 45 23 us,”
1099 1545 57 19 Tech
1181 1546 66 19 coach

878 1572 66 20 Frank
976 1573 113 24 McCarthy
1119 1574 50 19 said.
1199 1574 48 18 “We

877 1601 68 20 didn’t
971 1607 34 14 use
1029 1602 57 19 Mark
1109 1603 89 19 because
1220 1603 26 18 he

877 1630 72 19 wasn’t
975 1630 76 24 feeling
1076 1632 46 19 well
1145 1632 40 19 and
1207 1637 40 14 our

877 1661 54 17 team
949 1660 41 19 still
1008 1665 35 14 ran
1061 1660 45 19 well
1124 1661 83 23 enough
1223 1663 24 17 to

1251 507 1 19 i
1270 508 31 15 set
1327 512 9 13 a
1360 512 44 13 new
1428 508 79 17 record.
1532 507 108 19 Brockton

1251 534 1 22 t
1271 534 65 18 broke
1350 536 14 18 it
1378 535 36 19 but
1429 535 5 19 I
1448 536 40 18 feel
1501 537 45 17 that
1560 542 30 13 we
1602 542 38 14 can

1251 564 1 20 !
1271 568 38 14 run
1325 564 66 18 under
1405 565 58 18 three
1476 567 91 17 minutes
1580 566 60 18 when

1251 591 1 26 1
1270 598 45 13 our
1350 595 43 22 top
1428 592 56 20 four
1520 599 52 13 men
1607 600 33 13 are

1251 621 1 23 [
1272 621 118 23 together.”

1251 650 1 21 '
1305 650 45 19 The
1375 651 97 20 Warriors
1497 652 39 19 will
1560 653 47 18 take
1630 659 10 12 a

1251 678 1 25 I
1270 680 60 18 smalt
1362 681 64 22 squad
1461 683 23 17 to
1517 681 34 19 (he
1581 682 59 18 State

1270 707 95 21 Coaches
1392 709 167 24 Championship
1585 712 55 17 meet

1251 738 1 21 '
1272 738 78 18 which
1386 739 41 19 will
1461 740 24 18 be
1519 740 46 18 held
1600 740 40 19 this

1251 766 1 25 :
1271 766 140 25 Saturday
1448 767 134 20 afternoon
1617 772 23 16 at

1251 795 1 22 i
1272 795 159 22 Northeastern.
1454 797 77 19 “We’re
1551 798 89 19 allowed

1251 824 1 26 I
1271 830 40 13 one
1325 831 47 13 man
1386 831 34 19 per
1430 828 60 17 event
1501 827 37 18 but
1550 826 29 19 I’ll
1589 827 51 23 only

1251 855 1 22 i
1271 855 26 17 be
1315 855 70 22 taking
1403 856 62 18 down
1483 861 10 13 a
1512 855 88 20 handful
1617 856 25 19 of

1251 884 1 23 i
1271 888 92 14 runners.
1383 884 32 18 We
1433 884 82 20 haven’t
1534 890 47 14 seen
1600 890 40 17 any

1251 912 1 21 >
1271 912 25 19 of
1323 912 34 20 the
1386 915 65 17 teams
1479 913 45 20 that
1550 914 40 19 will
1615 915 26 18 be

1251 942 1 23 i
1271 944 122 21 competing
1404 942 40 19 this
1453 947 49 18 year
1512 943 36 18 but
1559 942 6 19 1
1577 944 63 18 know

1251 969 1 25 I
1272 971 44 18 that
1335 972 13 18 it
1368 972 40 18 will
1426 972 25 17 be
1468 977 10 13 a
1497 972 64 22 tough
1578 975 61 16 meet,

1251 999 1 25 i
1271 999 45 20 Our
1341 1006 85 13 runners
1451 1006 32 13 are
1506 1006 72 18 young
1600 1002 40 18 and

1251 1029 1 24 '
1271 1029 162 23 inexperienced
1451 1031 39 17 and
1506 1029 6 19 I
1525 1030 44 23 just
1585 1030 55 20 can’t

1272 1058 25 18 be
1320 1060 38 17 too
1379 1059 117 22 optimistic
1516 1059 65 19 about
1602 1065 39 13 our

1251 1086 1 25 •
1271 1087 89 19 chances
1392 1086 26 20 of
1447 1092 52 14 even
1529 1088 61 23 being
1620 1089 21 18 in

1251 1116 1 24 |
1271 1116 134 19 contention.
1425 1116 43 19 The
1489 1117 55 23 relay
1564 1118 76 18 should

1272 1145 25 18 be
1306 1146 65 21 good,
1381 1144 103 24 though.”

1308 1173 47 19 “We
1368 1179 37 14 run
1419 1174 42 19 360
1473 1174 62 24 yards
1547 1180 36 18 per
1593 1180 48 14 man

1251 1202 1 24 l
1271 1202 21 18 in
1304 1208 39 13 our
1355 1203 70 23 league
1438 1203 37 19 but
1489 1203 35 19 the
1536 1203 75 23 relay’s
1621 1204 20 18 in

1272 1231 35 18 the
1328 1231 33 22 big
1381 1233 66 17 meets
1464 1237 32 13 are
1514 1231 65 19 about
1598 1231 44 20 310

1271 1259 63 22 yards
1355 1260 40 18 and
1418 1260 74 19 should
1513 1260 26 19 be
1560 1262 23 17 to
1602 1266 39 13 our

1271 1287 138 24 advantage.”

1307 1316 162 23 Weymouth
1506 1316 82 20 South
1623 1318 19 19 is

1271 1346 117 18 unbeaten
1420 1346 41 18 and
1494 1346 37 18 last
1565 1346 76 23 Friday

1271 1373 114 19 afternoon
1415 1375 20 18 at
1465 1374 112 19 Brookline
1605 1375 36 18 the

1271 1402 93 19 Cantabs
1378 1401 67 20 found
1460 1405 38 16 out
1514 1403 55 23 why.
1581 1403 59 23 They

1663 514 64 20 swept
1750 511 34 19 the
1808 512 55 18 1000
1883 512 50 21 yard
1953 517 39 13 run
2009 514 24 16 to

1664 540 46 18 take
1734 546 25 13 an
1782 540 55 23 early
1861 541 44 18 lead
1927 541 43 18 that
1992 546 40 13 was

1664 574 60 13 never
1743 570 122 18 threatened
1890 570 55 18 Mark
1963 570 70 22 Lyons

1663 599 40 17 and
1718 598 41 19 Jim
1776 598 95 19 Kcllcher
1887 599 50 18 took
1953 599 78 18 second

1664 627 39 18 and
1727 627 54 19 third
1806 627 68 23 places
1894 632 19 13 in
1934 627 35 19 the
1988 627 45 19 600

1664 657 48 21 yard
1732 662 37 12 run
1789 656 59 18 while
1866 656 60 18 Steve
1945 656 87 19 Kervich

1664 685 72 22 placed
1752 685 78 19 second
1846 685 20 18 in
1882 685 34 18 the
1929 685 49 19 300.
1991 685 40 19 Jim

1664 712 75 20 Farrell
1758 714 51 19 took
1828 714 55 18 third
1899 714 20 18 in
1934 714 35 18 the
1985 714 47 18 mile

1665 748 35 15 run
1727 744 39 17 and
1792 743 61 18 Steve
1880 743 72 23 Kelley
1974 748 58 14 came

1665 772 89 23 through
1774 772 49 19 with
1840 772 36 19 the
1892 772 44 19 first
1950 772 83 19 Cantab

1663 803 81 21 victory
1772 800 25 20 of
1821 802 35 18 the
1881 802 41 22 day
1948 801 49 19 with
2022 807 10 13 a

1663 831 81 22 victory
1760 831 20 18 in
1793 831 35 18 the
1841 831 47 22 high
1899 831 67 22 jump.
1979 830 54 19 Toni

1665 859 41 19 Rim
1724 860 40 18 and
1783 860 72 22 SesSay
1874 860 83 18 Amadu
1974 864 59 14 came

1665 888 90 23 through
1771 894 20 13 in
1807 889 53 18 what
1874 893 86 19 appears
1973 891 23 16 to
2008 889 25 17 be

1665 918 34 17 the
1721 916 100 21 Cantabs’
1841 919 103 21 strongest
1964 918 69 21 event,

1665 946 34 19 the
1712 946 29 19 40
1753 947 50 21 yard
1816 947 57 18 dash.
1888 946 42 19 Pini
1941 951 46 14 won
1998 946 35 19 the

1664 977 60 17 event
1744 976 49 18 with
1809 976 83 18 Amadu
1908 975 82 23 picking
2006 980 28 18 up

1665 1005 34 18 the
1709 1005 79 18 second
1798 1006 55 22 spot.

1699 1030 126 23 Weymouth
1846 1034 66 20 swept
1933 1031 34 19 the
1985 1031 47 19 shot

1665 1061 36 20 put
1718 1060 37 18 but
1771 1059 61 19 Steve
1847 1060 72 23 Kelley
1934 1060 40 18 and
1991 1060 41 18 Len

1665 1088 103 23 Vigilante
1791 1093 58 14 came
1872 1089 90 22 through
1983 1089 49 18 with

1665 1118 77 18 second
1755 1118 40 18 and
1809 1118 54 18 third
1877 1118 58 23 place
1948 1117 85 20 finishes

1664 1146 25 19 in
1727 1147 46 18 the
1811 1147 102 18 hurdles
1947 1146 86 20 before

1664 1175 126 23 Weymouth
1806 1175 80 19 walked
1899 1175 35 19 off
1945 1176 49 18 with
2007 1181 25 13 an

1663 1209 49 18 easy
1729 1205 81 22 victory
1829 1205 19 18 in
1867 1205 35 18 the
1919 1205 55 22 relay
1992 1205 40 19 and

1664 1233 89 19 another
1773 1233 71 23 league
1861 1236 110 21 conquest.
1988 1234 44 18 The

1663 1260 93 20 Cantabs
1770 1261 51 19 have
1837 1262 38 18 had
1892 1262 65 23 rough
1971 1268 61 17 going

1663 1295 56 14 since
1729 1290 54 19 their
1792 1291 94 22 opening
1894 1291 79 23 victory
1983 1296 49 14 over

1664 1318 126 23 Weymouth
1811 1319 75 19 North.
1906 1320 58 22 They
1982 1320 51 18 hav®

1664 1347 39 18 had
1722 1349 23 17 to
1762 1346 46 20 face
1825 1353 11 14 a
1851 1348 65 23 tough
1931 1348 100 19 Waltham

1661 1374 58 23 (2-1)
1750 1377 55 17 team
1835 1376 21 18 in
1886 1376 95 20 addition
2009 1379 24 17 to

1663 1403 102 20 favored
1797 1404 127 23 Weymouth
1956 1405 75 19 South.

1280 1497 100 45 Pee
1416 1497 136 46 Wees
1579 1500 97 43 win
1705 1498 213 46 seventh

1269 1578 29 24 By
1309 1578 130 20 HEATHER
1451 1580 117 19 MENZIES

1247 1608 1 24 !
1303 1608 43 19 The
1370 1608 124 24 Cambridge
1519 1608 38 20 Pec
1581 1610 56 19 Wees

1247 1636 1 25 r
1268 1642 47 15 won
1331 1637 54 19 their
1398 1638 87 19 seventh
1496 1643 59 18 game
1568 1638 21 20 in
1602 1639 34 19 the

1247 1665 1 25 •
1266 1665 131 24 Tri-County
1406 1666 70 24 league
1486 1669 21 17 at
1517 1667 35 19 the
1563 1667 74 20 Youth

1268 1694 32 19 Ice
1326 1695 68 19 Arena
1418 1701 22 13 as
1465 1695 49 24 they
1537 1696 99 20 defeated

1268 1723 91 19 Danvers
1368 1724 27 23 by
1406 1730 10 14 a
1425 1730 59 14 score
1493 1725 26 19 of
1526 1725 44 19 6-2.

1302 1752 58 24 They
1388 1759 53 13 were
1469 1753 33 19 led
1529 1754 28 23 by
1582 1754 54 19 Tom

1266 1781 112 24 O’Reagan
1390 1782 49 19 who
1451 1782 40 19 had
1501 1789 11 12 a
1522 1783 58 19 three
1589 1784 47 22 goal

1267 1810 55 19 “Hat
1335 1810 76 19 Trick”
1423 1811 46 24 plus
1481 1813 43 18 two
1536 1812 70 19 assists
1616 1813 19 18 in

1266 1839 36 19 the
1311 1845 65 17 game.

1302 1867 66 20 Other
1381 1869 57 23 goals
1453 1874 53 14 were
1521 1869 74 20 scored
1608 1870 27 23 by

1267 1897 90 19 Richard
1372 1897 81 23 Ernest,
1468 1898 47 19 who
1531 1898 41 20 had
1584 1900 52 21 two,

1265 1925 41 19 and
1321 1926 74 23 Bobby
1407 1926 108 20 Gerardin.
1529 1928 77 18 Assists
1614 1928 21 19 in

1266 1954 36 19 the
1313 1960 59 19 game
1385 1958 55 16 went
1452 1958 24 17 to
1486 1956 65 19 David
1561 1956 75 23 Gavin,

1267 1983 64 20 David
1344 1984 96 22 O’Brien,
1453 1984 58 20 Peter
1524 1985 111 20 Boudreau

1265 2013 41 18 and
1316 2012 43 20 Phil
1369 2013 73 19 Walsh.

1301 2042 84 19 Goalies
1407 2043 20 19 in
1448 2043 34 19 the
1501 2048 60 18 game
1582 2049 53 14 were

1265 2069 35 21 Pat
1312 2071 64 20 Walsh
1387 2071 40 19 and
1439 2072 59 19 Brian
1509 2072 92 20 Milmoe.

1301 2099 48 20 The
1383 2100 137 25 Cambridge
1553 2101 83 24 Squirts

1267 2128 67 24 Reilly
1349 2129 89 20 Brother
1451 2130 34 19 Oil
1500 2132 55 17 team
1570 2130 42 20 lost
1624 2137 11 14 a

1265 2158 41 19 real
1323 2158 58 19 heart
1399 2158 85 20 breaker
1502 2165 28 14 on
1548 2159 86 25 Sunday

1265 2187 28 23 by
1303 2193 11 13 a
1322 2193 59 13 score
1390 2187 26 20 of
1426 2188 41 20 2-1.

1300 2216 43 19 The
1355 2217 51 23 only
1418 2217 47 24 goal
1477 2217 33 19 for
1522 2218 59 19 them
1594 2224 41 14 was

1265 2245 73 20 scored
1352 2245 26 24 by
1392 2245 45 21 Ned
1451 2246 86 24 Danehy
1548 2246 50 20 with
1608 2253 26 14 an

1265 2274 58 19 assist
1333 2274 55 20 from
1400 2275 58 19 Brian
1470 2275 97 25 Murphy.

1300 2304 73 19 Goalie
1383 2309 42 14 was
1434 2305 55 18 Mike
1500 2305 97 20 Noonan.

1300 2332 43 19 The
1360 2333 124 23 Cambridge
1502 2333 38 20 Pee
1557 2334 46 19 Wee
1620 2335 14 18 B

1265 2363 56 17 team
1333 2361 69 23 Hayes
1411 2361 33 19 Oil
1454 2362 40 19 lost
1504 2368 11 13 a
1524 2363 42 19 real
1575 2363 59 19 heart

1265 2389 87 19 breaker
1362 2396 28 13 on
1401 2390 103 24 Saturday
1514 2391 43 19 also
1567 2394 21 16 at
1598 2391 36 20 *he

1264 2418 74 20 Youth
1351 2419 31 19 Ice
1396 2420 68 19 Arena
1477 2420 27 23 by
1516 2426 12 14 a
1539 2426 59 14 score
1609 2420 27 20 of

1265 2447 31 20 2-1
1310 2450 23 17 to
1343 2448 105 19 Medford.

1299 2477 43 19 The
1354 2478 50 23 only
1416 2478 47 23 goal
1476 2478 33 19 for
1521 2479 58 19 them
1593 2484 41 14 was

1263 2506 73 19 scored
1348 2507 26 23 by
1385 2506 48 19 Paul
1444 2507 68 20 Ames.

1689 1580 86 20 Goalies
1793 1587 52 14 were
1862 1582 72 20 Jackie
1952 1583 72 20 Albert

1638 1609 1 22 t
1655 1610 40 19 and
1706 1609 66 20 Eddie
1781 1610 105 21 Gibbons.

1638 1672 1 21 i
1756 1672 178 21 NON-LEAGUE

1638 1697 1 19 I

1689 1725 49 20 The
1772 1726 138 25 Cambridge
1943 1727 81 25 Squirts

1638 1754 1 25 i
1655 1754 76 24 played
1757 1755 98 20 Belmont
1877 1761 28 14 on
1928 1756 95 23 Tuesday

1638 1783 1 23 I
1655 1783 57 23 night
1746 1786 19 17 at
1799 1784 35 19 the
1844 1783 7 4 *
1865 1784 88 19 Browne
1983 1785 40 19 and

1655 1811 86 20 Nichols
1754 1812 55 19 Rink
1822 1813 40 19 and
1874 1813 51 24 they
1938 1819 47 13 won
1995 1813 28 24 by

1653 1846 12 13 a
1674 1846 59 14 score
1742 1841 25 19 of
1777 1841 41 19 8-0.

1689 1869 44 20 The
1745 1872 39 21 top
1796 1876 80 14 scorers
1887 1871 20 19 in
1920 1871 36 19 the
1964 1877 59 18 game

1655 1903 53 14 were
1726 1899 61 19 Brian
1802 1899 90 24 Murphy
1907 1900 41 19 and
1963 1900 60 19 Steve

1655 1926 71 20 Mearn
1736 1927 51 20 with
1796 1930 43 17 two
1848 1928 57 23 goals
1914 1928 57 19 each.

1689 1956 67 19 Other
1769 1956 58 24 goals
1842 1962 53 14 were
1909 1958 74 19 scored
1996 1958 27 23 by

1655 1984 45 20 Ned
1726 1985 96 24 Danehy,
1846 1985 56 20 John
1928 1986 95 23 Lawless,

1654 2013 76 21 Eddie
1763 2014 99 23 Sullivan,
1894 2015 41 19 and
1968 2015 54 19 Mike

1655 2043 151 24 Rosenberger.

1689 2072 77 20 Assists
1781 2072 20 20 in
1813 2072 37 20 the
1860 2079 59 18 game
1932 2075 56 18 went
2000 2075 23 18 to

1654 2100 105 24 Mearn,
1797 2101 112 25 Danehy
1944 2102 79 24 three,

1655 2130 146 24 Rosenberger
1833 2131 67 23 three,
1931 2131 91 20 Sullivan

1653 2159 40 20 and
1704 2158 71 21 Jackie
1785 2159 111 25 Coughlin.

1688 2188 75 20 Goalie
1772 2188 21 20 in
1803 2189 34 19 the
1847 2194 60 19 game
1917 2195 41 13 was
1968 2189 54 20 Mike

1654 2217 98 20 Noonan.

1688 2246 46 20 The
1766 2247 125 24 Cambridge
1926 2248 96 20 Bantams

1653 2275 104 25 Coughlin
1773 2276 45 20 Fire
1834 2276 94 24 Fighters
1939 2277 82 23 hockey

1654 2307 55 18 team
1719 2305 40 19 lost
1769 2311 11 14 a
1790 2306 45 18 well
1846 2306 75 23 played
1930 2312 59 18 game
1999 2309 23 16 to

1653 2333 127 20 Watertown
1798 2334 27 24 by
1843 2340 10 13 a
1867 2340 60 14 score
1941 2335 25 19 of
1980 2335 42 21 5-2.

1653 2362 43 19 The
1710 2363 51 23 only
1776 2363 57 23 goals
1848 2363 33 19 for
1896 2363 57 21 them
1970 2368 52 14 were

1653 2391 73 19 scored
1750 2391 26 24 by
1802 2391 65 24 Ricky
1891 2391 71 22 Weber
1981 2393 39 19 and

1653 2420 81 23 George
1745 2420 140 20 Yeomalakis.

1687 2449 86 19 Goalies
1794 2450 21 18 in
1835 2450 35 19 the
1890 2455 59 19 game
1969 2456 52 13 were

1655 2478 73 23 Bobby
1758 2478 107 20 Goodwin
1893 2480 40 18 and
1961 2480 60 19 Steve

1653 2506 96 21 O’Brien.

1657 2581 144 36 Winter
1828 2594 203 35 programs
2058 2589 39 27 at
2116 2582 142 36 YWCA

1696 2644 78 20 Winter
1786 2646 112 19 weekends
1910 2646 19 19 in
1943 2646 34 19 the
1987 2646 43 23 city

1661 2674 59 19 don’t
1737 2674 51 19 have
1803 2677 23 17 to
1841 2674 25 19 be
1878 2674 53 20 dull!
1944 2674 54 20 Over
2009 2677 21 17 at

1661 2703 35 19 the
1720 2703 126 24 Cambridge
1871 2703 78 20 YWCA
1972 2704 58 20 there

1661 2732 41 19 will
1716 2733 27 19 be
1757 2733 42 19 lots
1810 2731 25 21 of
1845 2733 103 19 activities
1960 2732 33 20 for
2004 2733 26 20 all

1660 2766 47 18 ages
1729 2762 50 18 with
1800 2764 72 18 events
1892 2763 44 18 that
1957 2761 73 24 family

1660 2796 91 19 groups
1785 2796 43 15 can
1847 2796 6 7 T
1863 2791 32 19 do
1927 2791 103 24 together,

1660 2820 104 24 starting
1795 2820 91 24 January
1922 2820 31 20 13.
1986 2820 44 20 The

1661 2848 77 20 YWCA
1755 2850 15 18 is
1784 2850 121 23 expanding
1917 2850 26 19 its
1954 2849 76 24 Friday

1661 2878 91 23 through
1772 2879 86 23 Sunday
1876 2879 154 24 programming

1661 2909 22 17 to
1693 2912 80 15 answer
1783 2908 35 19 the
1828 2908 65 18 needs
1901 2907 25 20 of
1933 2908 97 19 students

1660 2937 40 18 and
1716 2936 95 24 working
1826 2937 75 23 people
1914 2937 48 19 who
1973 2939 57 17 want

1659 2966 121 23 something
1804 2966 76 23 special
1907 2968 22 17 to
1950 2965 28 20 do
2000 2971 29 14 on

1660 2994 53 19 their
1723 2994 51 20 time
1783 2994 40 19 off.

1695 3023 104 24 Saturday
1828 3024 96 23 morning
1950 3024 17 19 is
1993 3024 36 19 the

1660 3052 50 19 time
1725 3052 35 19 for
1774 3053 35 19 the
1821 3057 96 19 younger
1927 3055 39 21 set,
1978 3052 51 21 with

1659 3081 113 20 children’s
1781 3083 58 18 swim
1850 3083 86 21 lessons,
1945 3088 11 12 a
1966 3082 64 20 lunch

1659 3111 51 19 time
1733 3110 36 24 dip
1792 3111 20 19 in
1832 3111 35 19 the
1887 3111 51 23 pool
1957 3111 42 19 and
2018 3116 11 15 a

1660 3144 126 19 program
1813 3139 41 26 ,of
1889 3142 58 17 arts
1983 3141 46 19 and

2049 2649 132 22 gymnastics.
2202 2648 94 24 Teenage
2315 2649 48 24 girls
2380 2655 38 14 can

2047 2676 45 22 join
2107 2676 53 20 their
2174 2676 80 21 friends
2266 2680 20 17 at
2299 2678 119 24 “Saturday

2049 2704 89 24 Thing,”
2162 2705 69 20 which
2256 2706 16 19 is
2296 2712 11 13 a
2331 2706 41 24 day
2395 2705 24 21 of

2049 2733 80 24 crafts,
2162 2734 99 24 cooking,
2294 2736 51 23 trips
2376 2736 42 19 and

2049 2763 122 23 swimming.

2084 2791 85 24 Sunday
2197 2792 113 20 afternoon
2338 2794 17 19 is
2382 2794 36 18 the

2049 2820 50 19 time
2112 2820 33 20 for
2157 2826 83 14 women
2250 2824 24 17 to
2281 2822 65 19 shoot
2355 2827 11 14 a
2376 2821 40 20 few

2049 2849 84 19 baskets
2154 2855 23 14 or
2199 2852 52 17 start
2270 2856 11 13 a
2300 2850 117 21 basketball

2049 2879 73 18 team.
2156 2878 89 24 Sunday
2277 2881 70 22 sports
2378 2885 39 13 can

2048 2906 83 19 include
2151 2907 91 24 jogging,
2261 2907 112 24 volleyball
2393 2913 24 14 or

2046 2935 42 23 just
2107 2935 94 24 working
2216 2938 38 18 out
2272 2936 28 23 by
2315 2935 100 24 yourself.

2048 2964 74 23 Sports
2135 2966 52 18 start
2201 2967 21 17 at
2235 2965 12 20 3
2259 2970 43 19 pm,
2315 2964 101 21 followed

2048 2993 27 23 by
2085 2999 26 13 an
2120 2994 58 19 adult
2188 2994 61 19 co-ed
2259 2995 65 18 swim.

2082 3022 99 20 Children
2214 3025 23 17 to
2266 3023 150 24 grandparents

2047 3056 39 14 can
2115 3052 58 19 swim
2204 3052 96 23 together
2329 3053 21 18 at
2380 3052 36 19 the

2048 3079 93 25 Family
2175 3081 55 23 dips
2265 3081 78 19 which
2377 3085 39 15 are

2047 3109 103 23 Saturday
2165 3109 41 19 and
2221 3109 86 24 Sunday
2321 3112 21 17 at
2355 3110 12 20 3
2380 3115 35 19 pm

2047 3139 41 18 and
2101 3138 74 23 Friday
2187 3140 22 18 at
2221 3137 12 20 7
2246 3144 35 18 pm
2293 3139 40 19 and
2347 3139 12 19 8
2372 3145 42 18 pm.

2047 3166 58 24 They
2122 3173 38 14 can
2177 3168 67 18 dance
2258 3168 97 23 together
2369 3170 47 21 too,

2047 3198 20 17 at
2088 3195 79 24 Family
2185 3196 53 19 Folk
2256 3196 94 24 Dancing
2368 3197 46 19 held

2047 3229 53 15 once
2117 3231 10 13 a
2145 3226 76 19 month
2235 3231 28 14 on
2279 3226 35 19 the
2328 3226 87 24 Sunday

2046 3253 54 20 after
2112 3254 36 19 the
2160 3254 56 20 third
2227 3254 111 24 Saturday.
2349 3255 66 23 Every

1683 3271 180 64 Sports

1686 3357 166 48 Scene

1699 3419 45 19 Bob
1754 3419 85 19 Gelotte

1662 3452 40 19 Did
1723 3457 45 18 you
1788 3452 62 19 know
1870 3452 46 19 that
1927 3452 33 23 ...
1971 3453 40 20 Jim

1662 3478 75 19 Brown
1750 3478 61 19 holds
1823 3478 36 19 the
1870 3483 40 19 pro
1922 3478 89 20 football

1661 3504 81 20 record
1776 3504 33 20 for
1840 3507 57 17 most
1929 3505 84 24 rushing

1661 3532 120 22 attempts
1813 3531 21 19 in
1865 3536 41 14 one
1939 3536 72 14 season

1659 3556 82 24 (30S)
1756 3572 25 5 ..
1795 3572 5 5 .
1816 3557 40 19 the
1891 3559 120 21 youngest

1661 3584 87 23 pitcher
1779 3588 47 14 ever
1858 3585 24 18 to
1914 3584 40 18 win
1987 3589 24 13 an

1662 3609 97 20 All-Star
1789 3615 59 18 game
1882 3615 40 13 was
1952 3609 59 24 Jerry

1661 3635 79 20 Walker
1751 3635 3 20 .
1765 3650 5 5 .
1781 3635 4 20 .
1797 3636 65 19 Amos
1870 3635 47 20 Otis
1927 3641 40 13 was
1977 3635 35 20 the

1661 3667 40 14 one
1724 3662 48 18 who
1792 3662 33 18 led
1846 3662 34 18 the
1901 3662 110 19 American

1663 3688 79 23 League
1765 3688 20 19 in
1804 3688 69 19 stolen
1896 3689 56 18 bases
1973 3688 40 19 this

1661 3716 45 21 past
1726 3719 74 14 season
1819 3714 49 19 with
1887 3713 27 20 52
1924 3728 35 6 ...
1970 3714 41 19 Len

1662 3740 103 19 Dawson
1800 3740 72 18 holds
1907 3740 34 18 the
1974 3746 38 17 pro

1661 3766 91 19 football
1766 3766 72 19 record
1848 3765 34 20 for
1891 3765 91 20 fumbles
1992 3767 19 19 in

1660 3797 47 15 one
1741 3797 66 18 game
1841 3791 41 23 (7)
1896 3807 26 5 ..
1936 3791 4 24 .
1957 3791 54 20 Jack

1661 3818 99 19 Nicklaus
1787 3818 62 19 holds
1875 3818 36 18 the
1939 3818 72 19 lowest

1661 3844 85 20 72-hole
1757 3850 58 13 score
1825 3849 46 13 ever
1880 3845 100 18 recorded
1992 3845 19 19 in

1661 3871 40 19 the
1738 3871 98 18 Masters
1868 3869 143 20 Tournament

1659 3896 116 24 (271)..,
1785 3897 43 18 The
1861 3897 70 23 player
1964 3897 47 19 who

1661 3924 61 18 holds
1732 3923 35 19 the
1778 3922 55 19 NHL
1842 3922 87 19 all-time
1939 3923 72 19 record

1661 3949 33 19 for
1717 3951 54 17 most
1795 3948 55 23 goals
1872 3948 35 22 (7)
1928 3948 20 19 in
1971 3954 40 13 one

1659 3980 59 18 game
1745 3979 15 14 is
1781 3974 39 19 Joe
1843 3974 83 19 Malone
1936 3988 34 5 ...
1981 3974 30 19 Ed

1662 4000 117 22 Delahanty
1802 4001 16 18 is
1838 4000 34 18 the
1893 4000 49 23 only
1964 4005 47 14 man

1659 4031 55 14 ever
1749 4028 25 17 to
1811 4026 44 18 win
1889 4031 9 13 a
1931 4026 80 22 batting

1661 4052 162 23 championship
1851 4057 19 12 in
1899 4052 51 18 both
1976 4052 35 18 the

1662 4078 128 19 American
1825 4078 45 19 and
1906 4077 104 19 National

1663 4104 103 23 Leagues.
1777 4118 5 5 .
1792 4119 5 4 .

1659 4130 67 19 Catch
1755 4130 34 19 the
1814 4130 71 18 action
1910 4128 24 20 of
1958 4135 53 18 your

1661 4156 87 19 favorite
1774 4158 55 17 team
1856 4155 50 19 with
1931 4156 79 23 quality

1660 4183 141 24 equipment
1835 4182 54 19 from
1922 4181 89 20 CLAUS

1659 4208 134 20 GELOTTE.
1804 4209 43 18 Our
1858 4209 110 22 personnel
1979 4214 32 12 are

1661 4235 171 23 knowledgeable
1849 4240 27 12 on
1896 4234 24 18 all
1938 4234 73 23 phases

1659 4261 27 19 of
1721 4261 151 23 photography
1906 4260 39 18 and
1978 4266 33 13 arc

1661 4287 82 23 pleased
1760 4290 22 16 to
1797 4290 57 15 assist
1867 4292 43 17 you
1924 4287 49 18 with
1986 4287 24 18 all

1660 4318 53 18 your
1742 4314 63 18 needs
1841 4313 54 18 Both
1922 4312 89 20 CLAUS

1659 4339 44 19 GE
1715 4338 117 20 LOTTE
1868 4337 143 21 CAMERA

1660 4365 116 19 STORES
1812 4367 23 17 in
1869 4365 142 23 Cambridge,

1661 4391 89 19 Harvard
1774 4392 26 22 Sq
1832 4393 17 17 A
1872 4391 61 19 Fresh
1954 4391 56 18 Pond

1659 4418 34 19 Cir
1723 4424 34 12 are
1778 4424 56 18 open
1854 4417 54 23 daily
1930 4417 17 18 A
1969 4417 33 19 Sat

1661 4445 53 19 8.30
1743 4451 33 12 am
1809 4455 14 3 -
1854 4446 12 17 6
1898 4449 34 17 pm
1967 4443 42 19 Tel.

1661 4471 117 19 868-2366.
1922 4475 28 13 on
1962 4469 47 19 Fine

1661 4497 153 24 Photographic
1842 4497 81 18 Service
1951 4496 59 19 Since

1663 4525 28 18 19
1697 4524 29 19 36
1742 4523 15 7 ”
1793 4524 63 19 Bank
1864 4522 151 21 Americard/

1659 4553 74 19 Master
1742 4553 79 23 Charge
1833 4549 99 21 Honored

2075 413 118 41 Latin,
2215 413 110 41 Ringe
2347 413 88 41 lead
2457 413 131 41 league
2610 413 44 41 in
2676 413 131 41 B-ball

2071 475 204 60 CHLS
2308 480 252 58 icemen
2594 485 93 66 tip
2720 484 159 58 .500
2913 488 192 57 mark

3289 495 33 19 BY
3333 496 56 19 TOM
3402 497 110 19 O’BRIEN

2091 1580 46 20 The
2169 1582 124 24 Cambridge
2327 1584 98 19 Bantams

2056 1609 104 24 Coughlin
2191 1610 45 20 Fire
2264 1611 94 25 Fighters
2385 1613 40 20 will

2057 1638 55 20 draw
2131 1645 11 13 a
2160 1639 39 24 bye
2218 1640 40 19 this
2276 1641 58 19 week
2352 1641 20 20 in
2389 1643 35 18 the

2057 1667 128 24 Tri-County
2204 1669 70 24 league
2295 1676 21 13 as
2337 1670 87 20 Melrose

2055 1696 72 20 Chiefs
2136 1697 96 24 dropped
2241 1700 46 18 out.

2090 1725 36 19 On
2162 1726 75 24 Friday
2271 1728 56 23 night
2360 1728 21 19 in
2413 1734 11 14 a

2057 1753 136 25 Non-League
2220 1761 59 17 game
2307 1756 51 24 they
2384 1757 40 20 will

2056 1782 47 24 play
2121 1783 110 24 Arlington
2249 1787 20 16 at
2284 1785 35 19 the
2336 1785 87 20 Browne

2055 1811 40 20 and
2108 1811 86 20 Nichols
2208 1813 53 19 Rink
2273 1815 21 18 at
2306 1814 53 20 6:45
2372 1820 50 18 p.m.

2090 1839 23 19 In
2124 1841 36 18 the
2173 1841 70 24 league
2253 1845 21 17 at
2284 1843 35 19 the
2330 1843 93 20 Billerica

2056 1867 76 21 Forum
2145 1870 50 23 they
2209 1871 39 19 will
2260 1871 49 24 play
2319 1871 103 21 Westford

2053 1899 22 17 at
2085 1897 51 20 5:45
2147 1904 50 17 p.m.
2207 1905 28 13 on
2246 1899 92 25 Sunday.

2088 1931 43 20 The
2156 1932 124 24 Cambridge
2305 1932 39 19 Pee
2366 1932 56 19 Wees

2055 1960 94 24 Danehy
2183 1961 118 19 Associates
2334 1961 87 24 Hockey

2055 1991 54 18 team
2122 1989 40 20 will
2172 1990 48 23 play
2231 1990 97 20 Medford
2338 1992 21 18 at
2369 1990 53 20 8:20

2055 2024 46 14 a.m.
2121 2020 21 18 at
2159 2019 35 19 the
2213 2018 73 20 Youth
2304 2019 33 19 Ice
2354 2019 68 20 Arena

2054 2048 41 19 and
2105 2053 27 19 go
2141 2048 54 19 after
2205 2048 54 19 their
2267 2048 72 24 eighth
2349 2048 40 19 win
2398 2048 25 19 of

2055 2078 34 19 the
2099 2078 71 23 league
2179 2083 80 14 season.

2089 2106 42 20 The
2149 2106 123 24 Cambridge
2290 2106 38 20 Pec
2346 2107 46 19 Wee
2408 2107 14 19 B

2055 2138 54 16 team
2134 2135 40 19 will
2200 2136 48 23 play
2273 2136 34 19 the
2333 2135 89 20 Melrose

2053 2166 70 20 Chiefs
2135 2168 21 17 at
2166 2165 54 20 5:40
2229 2170 48 19 p.m.
2288 2166 21 17 at
2320 2164 36 19 the
2364 2168 56 14 same

2055 2193 57 24 place
2121 2193 41 20 and
2172 2194 48 23 day.

2089 2222 42 19 The
2146 2222 124 24 Cambridge
2286 2222 82 24 Squirts
2381 2222 41 20 will

2055 2251 47 24 play
2135 2252 53 19 their
2220 2254 50 17 next
2302 2254 60 22 gaihe
2392 2257 29 14 on

2055 2281 83 23 Sunday
2151 2283 20 17 at
2182 2281 35 19 the
2227 2280 74 20 Youth
2311 2281 33 19 Ice
2354 2281 68 19 Arena

2055 2311 76 23 against
2160 2310 132 24 Wilmington
2321 2313 20 17 at
2368 2310 54 20 4:30

2055 2344 49 18 p.m.
2288 2344 3 18 .

2077 2372 176 21 RECREATION
2264 2373 135 20 PROGRAM

2090 2426 43 21 The
2152 2426 125 24 Cambridge
2298 2425 126 20 Recreation

2056 2456 94 24 Program
2169 2455 41 19 will
2225 2457 34 22 get
2274 2454 113 23 underway
2403 2455 20 18 at

2057 2485 34 19 the
2124 2484 80 20 M.D.C.
2238 2483 55 20 Rink
2324 2483 22 19 in
2376 2483 48 19 East

2056 2514 122 23 Cambridge
2210 2513 33 20 for
2271 2513 98 19 Bantams
2396 2517 28 14 on

2449 1587 84 24 Sunday
2564 1589 51 19 with
2645 1589 35 19 the
2708 1589 103 26 following

2449 1616 106 20 schedule:

2458 1645 4 28 ,
2483 1645 73 20 Teams
2577 1645 12 20 2
2606 1647 41 18 and
2665 1646 12 20 3
2691 1647 87 26 'playing
2795 1651 16 16 at

2450 1673 50 20 5:15
2515 1679 58 18 a.m.;
2584 1674 15 25 4
2613 1676 42 19 and
2669 1676 13 19 6
2697 1676 83 25 playing
2794 1680 17 17 at

2448 1702 52 20 6:35
2515 1709 58 17 a.m.;
2589 1704 7 19 1
2613 1704 42 20 and
2671 1705 10 19 5
2697 1705 83 25 playing
2794 1709 17 16 at

2448 1731 52 20 7:55
2510 1738 48 14 a.m.

2483 1761 33 19 All
2530 1761 54 24 boys
2598 1768 33 14 are
2646 1763 63 19 asked
2721 1765 23 18 to
2756 1764 55 19 show

2447 1795 29 18 up
2485 1796 10 14 a
2505 1791 53 19 little
2568 1791 73 20 before
2650 1798 59 18 game
2719 1793 57 19 time.

2516 1825 52 24 High
2577 1825 80 19 School
2666 1825 73 24 Sports

2810 1867 1 11 I

2479 1883 50 19 The
2563 1883 79 19 North
2676 1883 135 23 Cambridge

2445 1911 95 21 Cathohc
2568 1912 99 19 Panthers
2695 1911 116 20 Basketball

2445 1944 66 16 teams
2523 1941 53 20 both
2585 1946 48 14 won
2644 1941 53 19 their
2705 1946 69 18 games
2783 1946 28 14 on

2446 1970 74 23 Friday
2552 1970 58 24 night
2643 1972 21 17 at
2694 1970 35 19 the
2759 1969 52 20 M.E.

2446 1998 155 25 Fitzgerald
2634 1998 88 20 school
2755 2004 56 14 over

2446 2027 144 20 Immaculate
2622 2027 134 24 Conception
2787 2027 24 19 of

2446 2056 84 20 Revere.

2479 2085 44 19 The
2553 2085 72 19 Junior
2653 2085 82 23 Varsity
2763 2090 48 14 won

2445 2114 53 19 their
2508 2119 60 19 game
2580 2114 28 24 by
2620 2120 11 13 a
2643 2119 58 14 score
2713 2113 25 20 of
2744 2113 64 20 47-41

2446 2143 49 23 they
2508 2148 47 13 now
2568 2142 50 20 have
2631 2149 10 12 a
2652 2142 74 19 record
2735 2142 25 19 of
2769 2142 42 24 2-1.

2480 2171 44 20 The
2546 2173 37 22 top
2602 2177 80 14 scorers
2701 2170 33 21 for
2753 2172 58 19 them

2446 2205 52 14 were
2523 2199 60 20 Steve
2607 2195 81 24 Kerwiri
2711 2199 50 20 with
2786 2199 25 20 14

2446 2229 70 24 points
2533 2229 40 19 and
2592 2229 73 23 Randy
2681 2228 64 24 Foley
2760 2229 51 19 with

2448 2258 26 19 11
2515 2259 109 22 points.
2662 2258 70 19 Both
2767 2263 44 14 are

2445 2286 145 25 sophomores.

2479 2315 44 20 The
2536 2316 81 23 Varsity
2631 2321 48 14 won
2692 2316 52 19 their
2752 2321 59 18 game

2445 2344 27 23 by
2485 2350 10 13 a
2506 2349 59 14 score
2577 2344 24 19 of
2612 2344 73 19 63-56.
2695 2344 58 23 They
2763 2349 48 14 now

2445 2373 50 19 have
2514 2378 11 14 a
2542 2372 73 20 record
2632 2372 25 20 of
2674 2372 30 20 2-1
2726 2372 33 19 for
2777 2372 34 19 the

2448 2401 92 20 1972-72
2549 2407 81 13 season.

2479 2430 58 23 They
2561 2436 52 13 were
2636 2430 33 19 led
2691 2430 27 23 by
2739 2430 72 20 Junior

2446 2459 55 20 John
2516 2459 59 24 Kelly
2587 2460 49 19 who
2648 2459 40 19 had
2702 2458 23 20 2!
2741 2459 70 24 points

2445 2488 41 19 and
2503 2488 37 19 has
2555 2493 49 14 over
2622 2488 28 21 SO
2666 2488 71 24 points
2751 2488 34 19 for
2799 2488 12 19 3

2445 2523 76 18 games.

2441 2653 73 23 Friday
2538 2654 56 22 night
2614 2653 71 19 adults
2703 2658 38 13 can
2761 2651 47 20 folk

2439 2683 66 19 dance
2533 2682 50 19 with
2608 2681 94 20 teachers
2725 2681 82 20 Connie

2440 2711 39 19 and
2500 2711 106 19 Marianne
2622 2711 78 23 Taylor
2716 2711 21 19 in
2754 2711 54 19 their

2440 2741 109 23 beginners
2558 2741 51 19 class
2617 2742 21 18 at
2648 2740 54 20 8:30
2711 2745 42 19 pm.

2475 2768 19 20 If
2507 2775 67 18 -your
2601 2769 88 20 favorite
2714 2774 44 18 way
2784 2770 25 18 to

2440 2798 65 24 spend
2518 2799 50 18 time
2580 2797 35 20 off
2626 2798 17 19 is
2654 2800 24 18 to
2688 2800 33 21 get
2733 2799 39 18 out
2784 2797 26 19 of

2440 2830 66 22 town,
2521 2827 50 20 then
2585 2833 44 17 you
2643 2833 39 14 can
2694 2827 65 19 board
2772 2826 36 20 the

2439 2856 98 24 Trippers
2554 2857 38 19 bus
2609 2855 34 20 for
2658 2856 37 18 the
2709 2855 99 24 monthly

2441 2885 102 29 Saturday
2563 2885 47 24 trip,
2629 2885 36 19 it’s
2682 2891 10 13 a
2709 2885 58 23 place
2784 2885 26 19 of

2440 2915 93 19 seasonal
2554 2915 85 19 interest
2659 2914 51 19 with
2729 2920 11 13 a
2759 2916 50 21 stop

2441 2948 49 14 over
2511 2942 33 20 for
2566 2943 72 23 lunch,
2659 2942 68 19 scenic
2745 2943 65 18 views

2441 2972 39 19 and
2490 2978 11 13 a
2511 2972 73 19 breath
2593 2971 25 20 of
2626 2974 98 21 country.

2476 3000 40 20 For
2525 3003 61 18 exact
2596 3001 61 20 times
2666 3000 41 19 and
2717 3000 43 20 fees
2769 3000 40 19 call

2441 3029 35 19 the
2488 3029 77 19 YWCA
2575 3031 21 17 at
2605 3028 113 21 491-6050
2726 3035 25 13 or
2759 3031 50 21 stop

2440 3058 21 19 in
2470 3060 20 17 at
2501 3057 12 23 7
2522 3057 87 25 Temple
2617 3060 26 17 st.

3248 542 58 20 Latin
3321 543 79 19 skaters
3415 546 52 16 went
3481 550 49 13 over
3542 545 35 18 the

3211 571 51 19 .500
3274 573 56 17 mark
3343 572 40 19 this
3394 573 57 19 week
3462 573 49 19 with
3521 579 10 13 a
3543 573 30 19 3-1

3211 600 110 23 victory
3357 606 60 14 over
3453 601 124 20 Brockton

3211 628 101 24 Saturday
3323 630 40 18 and
3372 636 11 13 a
3394 630 32 23 big
3437 630 34 19 8-0
3481 630 94 19 shut-out

3209 658 26 19 of
3245 658 78 23 Rindge
3334 658 115 20 December
3460 658 33 20 27.

3246 686 21 19 In
3281 687 34 18 the
3330 687 106 20 Brockton
3448 693 66 17 game,
3525 687 52 19 Matt

3211 715 93 19 Brown’s
3320 716 43 24 slap
3380 717 48 19 shot
3446 717 40 18 and
3505 716 72 23 Darryl

3211 744 133 24 Donnegan’s
3370 746 55 18 wrist
3453 746 47 18 shot
3528 750 49 18 gave

3211 773 58 19 Latin
3282 779 10 13 a
3307 773 33 20 2-0
3352 774 45 19 lead
3410 774 61 23 going
3483 774 47 20 into
3542 774 35 19 the

3209 802 78 19 second
3298 802 79 23 period.

3244 830 44 20 The
3311 831 53 19 third
3385 837 59 14 score
3463 831 34 20 for
3517 831 59 20 Latin

3210 865 57 14 came
3287 860 20 19 in
3328 860 35 19 the
3381 860 55 19 third
3454 860 72 23 period
3543 860 35 20 off

3211 888 33 19 the
3263 888 51 19 stick
3329 889 25 19 of
3369 888 28 19 Ed
3415 888 72 24 Lange.
3504 889 72 19 Goalie

3211 917 47 19 Ron
3283 917 60 23 Perry
3369 917 75 24 played
3466 917 31 20 his
3517 919 59 19 usual

3210 946 102 20 excellent
3335 951 58 19 game
3416 946 20 20 in
3459 947 34 19 the
3517 947 58 19 Latin

3211 976 42 18 net.

3246 1004 21 18 In
3293 1004 35 19 the
3352 1004 78 24 Rindge
3452 1010 65 18 game,
3541 1005 34 19 the

3209 1032 93 19 Cantabs
3316 1033 81 23 opened
3413 1033 50 19 with
3477 1039 40 14 one
3530 1034 45 24 goal

3211 1061 19 18 in
3246 1061 34 19 the
3296 1061 44 20 first
3356 1062 81 22 period,
3450 1065 43 16 two
3508 1063 19 19 in
3541 1063 34 19 the

3211 1090 77 18 second
3298 1090 40 19 and
3347 1091 105 23 exploded
3463 1091 34 19 for
3505 1091 41 19 five
3555 1092 20 18 in

3212 1118 34 19 the
3256 1119 62 19 third.

3247 1147 89 24 Leading
3368 1154 78 14 scorers
3479 1149 33 20 for
3542 1149 33 20 the

3212 1176 58 19 Latin
3283 1176 80 20 icemen
3375 1183 53 13 were
3439 1178 51 19 Matt
3502 1178 74 19 Brown

3211 1206 39 18 and
3270 1206 60 23 Larry
3349 1206 100 24 Feloney,
3465 1207 51 19 with
3534 1209 43 17 two

3210 1234 67 23 goals
3310 1235 68 19 each.
3415 1235 62 20 Four
3510 1235 67 20 other

3212 1263 108 19 Latinmen
3343 1265 72 18 scored
3439 1270 59 17 once,
3519 1265 57 18 Mark

3210 1291 86 24 Crusco,
3400 1293 86 22 Crusco,
3510 1293 66 24 Lange

3211 1321 40 19 and
3263 1321 105 23 Donegan.

3196 1349 2 21 5
3248 1349 83 20 Latin
3369 1350 13 19 b
3389 1350 45 19 ask
3441 1350 45 19 etb
3493 1357 11 12 a
3511 1350 18 19 11
3536 1355 42 15 ers

3196 1378 1 24 f
3211 1378 115 19 continued
3339 1379 53 19 their
3403 1384 58 18 surge
3473 1380 80 19 toward
3566 1385 11 14 a

3212 1407 112 23 hoped-for
3356 1408 160 23 championship
3549 1408 27 24 by

3212 1435 107 23 bombing
3350 1435 126 24 Weymouth
3509 1436 68 20 South

3213 1463 63 19 78-45
3298 1464 73 24 Friday
3388 1465 65 23 night.
3472 1465 50 19 Also
3539 1465 38 19 last

3212 1493 65 18 week
3312 1493 54 24 they
3399 1494 97 18 knocked
3528 1499 49 14 over

3211 1521 101 19 Waltham
3322 1521 72 21 81-53.

3248 1550 78 23 Rindge
3343 1551 40 18 and
3403 1551 58 19 Latin
3479 1557 33 13 are
3529 1557 48 13 now

3212 1578 42 19 tied
3288 1578 32 19 for
3352 1580 34 18 the
3416 1580 45 19 lead
3491 1580 20 19 in
3542 1580 35 19 the

3212 1607 112 19 suburban
3356 1608 71 23 league
3460 1608 49 19 with
3543 1608 34 19 5-0

3213 1636 88 19 records.

3248 1665 83 23 Against
3359 1665 133 24 Weymouth,
3517 1666 60 19 Latin

3212 1693 101 19 forwards
3343 1695 113 20 combined
3486 1695 34 19 for
3549 1695 28 19 40

3213 1723 77 22 points,
3302 1723 122 24 continuing
3436 1725 24 17 to
3469 1723 24 19 be
3504 1729 41 14 one
3554 1724 24 19 of

3213 1751 40 19 the
3288 1754 56 16 most
3376 1752 110 19 dominant
3519 1753 57 19 front

3212 1782 71 17 courts
3293 1780 19 19 in
3323 1780 34 19 the
3367 1781 77 23 league.

3247 1808 43 20 The
3309 1809 102 20 forwards
3428 1815 53 14 were
3498 1810 32 19 led
3548 1810 27 24 by

3211 1839 61 23 Capt.
3294 1838 53 20 Tom
3369 1838 98 23 Chatten,
3490 1838 31 23 19,
3542 1839 33 19 Pat

3213 1866 66 24 Ryan,
3297 1867 33 23 16,
3342 1867 41 19 and
3401 1867 45 19 Ron
3459 1867 85 24 Eutscy,
3555 1868 19 20 5.

3212 1895 60 20 Latin
3288 1896 73 23 guards
3378 1896 40 19 Jim
3436 1897 77 23 Tingle,
3531 1897 43 20 Dan

3211 1924 94 19 Metivier
3326 1925 40 18 and
3388 1925 58 19 Richi
3466 1925 109 24 Giacoppo

3210 1954 118 19 continue
3364 1956 26 17 to
3424 1959 65 19 press
3523 1956 52 18 their

3211 1985 127 21 opponents.

2112 1338 88 19 TAKES
2215 1338 43 19 HIS
2272 1338 80 19 SHOT:
2370 1339 75 20 Latin's
2461 1340 36 19 Pat
2513 1340 59 23 Ryan
2588 1340 46 21 (44)
2648 1342 74 19 shoots
2736 1342 33 19 for
2784 1345 45 17 two
2843 1344 70 21 points
2927 1344 74 22 during
3014 1344 113 18 basketball
3141 1349 57 17 game

2058 1371 77 23 against
2150 1370 127 22 Weymouth
2292 1371 68 18 South
2384 1371 57 19 Peter
2457 1372 104 22 Mahoney
2578 1371 46 22 (40)
2639 1377 58 15 waits
2711 1373 34 19 for
2760 1375 96 18 rebound
2878 1374 123 24 Cambridge
3013 1381 55 13 won.
3083 1374 77 22 (Photo
3172 1376 26 22 by

2058 1401 58 19 Olive
2126 1400 78 22 Pierce)

2228 3379 175 38 Hardware

2198 3417 121 89 Handy
2343 3417 72 89 Man

2198 3506 219 42 by

2198 3548 45 19 Ed
2265 3548 43 19 Ver
2333 3549 82 18 Planck

2058 3616 43 18 The
2128 3616 44 18 first
2201 3617 59 23 thing
2286 3618 23 17 to
2333 3616 30 19 do
2387 3617 21 18 in

2058 3643 93 22 painting
2163 3647 10 13 a
2183 3647 70 17 room,
2261 3643 95 18 whether
2364 3647 44 19 you

2058 3673 32 13 arc
2123 3668 116 22 repainting
2268 3673 25 14 or
2319 3669 89 22 starting

2058 3693 54 19 from
2130 3694 81 18 scratch
2227 3694 49 18 with
2291 3699 45 14 new
2352 3694 55 19 walls

2058 3720 39 17 and
2113 3719 131 22 woodwork,
2258 3725 16 13 is
2288 3721 22 17 to
2323 3721 33 21 get
2368 3722 38 17 out

2057 3744 26 20 of
2102 3750 54 18 your
2176 3750 45 18 way
2241 3745 101 23 anything
2361 3746 45 19 that

2058 3775 66 20 you
2169 3770 108 20 don’t
2321 3774 86 17 want

2058 3797 113 29 painted
2193 3812 5 4 .
2218 3812 5 3 .
2244 3797 4 29 .
2264 3797 67 19 Move
2366 3797 41 19 the

2058 3820 101 22 furniture
2174 3824 37 17 out
2224 3822 26 19 of
2260 3823 35 18 the
2381 3822 27 23 (if

2058 3848 60 24 light)
2137 3854 23 14 or
2180 3848 52 24 push
2253 3848 64 24 heavy
2338 3854 69 18 pieces

2058 3876 45 18 into
2126 3875 36 19 the
2186 3876 72 18 center
2282 3875 41 18 and
2345 3880 62 14 cover

2057 3901 78 19 them
2178 3901 72 19 with
2290 3906 9 13 a
2337 3900 70 24 drop

2056 3927 59 19 cloth
2124 3941 35 5 ...
2171 3927 91 19 Remove
2286 3927 34 18 the
2340 3927 66 23 plates

2057 3953 54 19 from
2130 3953 48 22 light
2194 3953 97 18 switches
2305 3953 40 18 and
2361 3953 44 18 wall

2056 3979 86 21 outlets,
2157 3979 68 17 unless
2237 3979 49 22 they
2300 3984 33 12 are
2345 3981 24 16 to
2382 3979 22 18 be

2058 4005 143 23 painted
2243 4004 71 18 with
2355 4005 50 17 the

2058 4031 59 18 walls
2128 4044 17 6 ..
2156 4030 4 23 .
2173 4030 125 19 Disconnect
2332 4030 74 23 ceiling

2056 4057 41 18 and
2112 4056 44 19 wall
2173 4055 87 20 fixtures
2274 4061 23 14 so
2312 4056 45 19 that
2370 4056 35 19 the

2058 4082 61 19 metal
2137 4082 95 24 portions
2250 4087 32 14 are
2297 4082 107 22 separated

2057 4108 54 19 from
2142 4108 34 19 the
2206 4108 92 19 surfaces
2327 4110 24 17 to
2380 4108 25 19 be

2058 4135 83 23 painted
2152 4134 4 24 .
2166 4149 5 6 .
2199 4134 91 19 Remove
2307 4139 21 14 as
2343 4134 63 19 much

2056 4161 25 18 of
2097 4161 34 18 the
2149 4160 106 19 hardware
2272 4160 55 19 from
2342 4160 64 19 doors

2057 4188 48 17 and
2144 4186 122 19 windows
2299 4191 25 14 as
2357 4191 48 19 you

2056 4219 37 12 can
2104 4212 19 23 ..
2134 4212 4 23 .
2149 4213 52 18 Now
2211 4217 43 18 you
2265 4212 49 18 have
2324 4217 25 14 an
2360 4218 44 13 area

2056 4240 27 18 in
2124 4238 97 20 which
2262 4240 30 17 to
2331 4238 73 19 work

2056 4265 115 23 efficiently
2183 4280 6 4 .
2199 4265 4 23 .
2215 4265 3 23 .

2057 4291 157 22 Homeowners,
2232 4291 117 18 household
2364 4292 40 17 and

2057 4318 137 22 handyman
2228 4318 110 23 supplies
2372 4323 33 13 arc

2056 4344 87 19 stocked
2158 4346 20 16 at
2194 4343 118 19 DICKSON
2328 4343 70 19 BROS

2055 4369 48 19 CO.
2138 4369 161 23 Corningware,
2332 4368 74 24 Pyrcx,

2058 4395 149 22 Rubbermaid,
2234 4395 104 19 Wearever
2364 4396 40 18 and

2055 4421 35 20 GE
2111 4427 32 13 are
2160 4428 58 12 some
2236 4421 25 19 of
2277 4422 35 18 the
2330 4422 75 18 brands

2056 4448 124 19 available.
2213 4447 106 19 Whatever
2352 4453 52 18 your

2057 4475 68 19 needs,
2156 4476 47 21 stop
2234 4476 19 16 at
2285 4473 119 20 DICKSON

2058 4500 68 20 BROS
2152 4500 52 23 CO..
2225 4500 26 19 26
2273 4500 76 19 Brattle
2367 4500 39 23 St.,

2057 4527 109 19 876-6760
2197 4527 49 18 Mon
2284 4527 47 18 thru
2363 4527 41 18 Sat.

2056 4554 12 17 8
2082 4554 60 18 30am
2167 4553 88 23 s:3opm

2440 3144 81 36 Girl
2537 3142 133 37 Scouts

2441 3208 87 49 help
2543 3212 169 45 patients

2442 3288 41 28 at
2512 3279 209 37 Christmas

2472 3365 43 19 The
2544 3364 44 21 Girl
2615 3365 77 19 Scouts
2719 3365 24 20 of
2769 3366 36 19 the

2437 3393 82 20 Mistick
2545 3393 47 20 Side
2616 3394 91 19 Council
2729 3394 74 24 helped

2437 3422 47 25 play
2500 3422 62 20 Santa
2575 3424 23 18 to
2611 3423 35 19 the
2659 3423 43 19 800
2714 3424 91 23 patients

2437 3454 23 17 at
2495 3452 36 19 the
2563 3452 151 24 Metropolitan
2745 3452 59 19 State

2437 3480 96 24 Hospital
2553 3481 41 19 this
2609 3481 121 19 Christmas.
2749 3481 56 20 Each

2437 3509 111 24 patient
2586 3516 51 14 was
2673 3511 69 22 given
2776 3516 29 14 an

2437 3539 141 24 opportunity
2588 3541 23 18 to
2620 3542 83 21 request
2714 3540 54 19 what
2779 3540 26 19 he

2437 3570 24 17 ot
2475 3567 35 19 she
2523 3568 70 19 would
2605 3568 111 23 especially
2729 3569 40 19 like
2782 3572 24 17 to

2437 3597 51 19 have
2510 3596 34 20 for
2565 3603 11 13 a
2596 3596 46 24 gift.
2665 3597 59 20 Then
2747 3598 58 19 these

2437 3627 94 22 requests
2555 3631 53 14 were
2634 3627 72 22 passed
2731 3632 29 14 on
2782 3629 24 17 to

2438 3655 59 19 those
2508 3655 48 18 who
2566 3655 76 19 wished
2655 3657 22 17 to
2686 3656 43 22 give
2739 3662 10 13 a
2759 3655 45 23 gift.

2472 3683 43 19 The
2528 3683 81 20 Mistick
2623 3684 48 19 Side
2683 3684 43 19 Girl
2738 3684 67 20 Scout

2437 3712 115 24 Council,
2586 3713 78 19 which
2699 3713 106 19 includes

2437 3740 164 25 Cambridge
2638 3742 51 19 and
2726 3742 80 19 other

2438 3770 149 19 communities
2601 3770 63 19 north
2678 3770 25 19 of
2717 3771 88 23 Boston,

2437 3804 49 18 gave
2505 3804 49 14 over
2573 3799 43 20 350
2636 3800 95 22 personal
2749 3799 56 24 gifts,

2438 3828 39 19 and
2493 3830 98 17 contents
2606 3827 34 20 for
2651 3828 75 23 “Ditty
2740 3828 65 23 Bags”

2438 3855 33 21 for
2491 3856 91 23 patients
2601 3859 23 16 to
2644 3857 50 18 have
2715 3857 19 19 in
2752 3857 54 19 their

2437 3890 85 14 rooms.
2555 3885 43 19 The
2631 3885 76 23 “Ditty
2740 3884 65 24 Bags”

2438 3913 112 19 contained
2561 3913 50 19 such
2621 3913 95 24 personal
2726 3913 49 23 gifts
2784 3919 22 13 as

2439 3942 102 23 powders,
2566 3942 80 22 combs,
2671 3947 69 18 soaps,
2763 3944 41 17 etc.

2437 3970 43 19 The
2494 3973 93 20 patients,
2595 3970 40 19 like
2649 3971 57 18 these
2717 3971 87 18 because

2439 3999 49 22 they
2500 4004 38 13 can
2552 4000 48 17 have
2611 4000 57 17 them
2679 3999 124 23 year-round

2438 4029 23 17 to
2475 4030 37 20 put
2529 4028 52 18 their
2596 4028 94 23 personal
2703 4028 61 19 items
2777 4029 26 17 in.

2474 4056 53 19 Mrs.
2564 4057 120 18 Kathleen
2718 4056 86 22 Woods,

2439 4085 95 19 Director
2548 4085 24 19 of
2586 4085 116 19 Volunteer
2714 4085 90 19 Services

2438 4116 19 17 at
2468 4114 35 19 the
2513 4114 98 23 hospital,
2620 4114 138 20 coordinated
2769 4114 35 18 the

2438 4143 109 24 project,
2581 4144 56 22 and,
2672 4144 57 18 with
2764 4143 40 19 her

2437 4172 141 24 vqlunteers,
2611 4177 47 18 gave
2691 4172 113 19 Christmas

2439 4202 75 22 parties
2532 4201 33 20 for
2579 4202 34 19 the
2628 4202 91 23 patients
2734 4202 20 18 in
2769 4202 35 17 the

2438 4231 70 22 dining
2523 4236 60 14 room
2595 4231 40 18 and
2649 4231 74 22 lounge
2736 4235 68 16 room,

2439 4260 84 18 which
2559 4265 59 14 were
2654 4259 150 23 beautifully

2439 4290 111 17 decorated
2561 4289 33 19 for
2604 4290 34 18 the
2648 4294 80 14 season.

2472 4317 43 19 The
2528 4318 46 23 girls
2586 4318 24 19 of
2620 4318 33 18 the
2665 4318 80 18 Mistick
2756 4318 48 18 Side

2437 4346 89 21 Council
2556 4348 49 18 have
2636 4348 43 18 also
2707 4348 59 17 made
2794 4353 10 12 a

2438 4377 124 21 year-round
2584 4377 79 23 project
2681 4375 24 20 of
2721 4376 83 23 helping

2439 4405 48 18 with
2501 4408 34 16 tne
2549 4407 62 17 needs
2621 4407 40 17 and
2672 4406 73 23 special
2756 4405 48 23 gifts

2439 4433 36 20 for
2510 4435 41 19 the
2587 4438 98 21 patients
2717 4437 18 17 at
2769 4434 35 20 the

2439 4463 149 24 Metropolitan
2601 4465 58 18 State
2672 4464 102 23 Hospital,
2785 4469 19 13 as

2439 4493 44 19 well
2496 4499 21 13 as
2527 4494 34 19 the
2572 4494 87 19 Fernald
2669 4494 85 22 School,
2764 4494 40 17 and

2438 4523 60 18 other
2514 4523 107 23 hospitals,
2637 4529 83 17 nursing
2732 4523 73 18 homes

2439 4552 38 18 and
2488 4552 74 20 homes
2571 4553 33 19 for
2614 4554 35 18 the
2660 4553 76 21 elderly

2863 2071 120 20 AIRMAN
3017 2071 122 19 MICHAEL
3170 2071 23 20 C.

2809 2102 1 30 I
2831 2103 112 23 RIVERA,
2957 2109 37 13 ton
3010 2104 23 19 of
3043 2103 49 19 Mrs.
3104 2102 55 20 Pearl
3172 2103 22 20 L.

2830 2135 89 19 Garland
2933 2135 25 19 of
2971 2135 14 19 7
2999 2135 87 19 Putnam
3101 2135 93 23 gardens,

2809 2166 3 24 i
2830 2167 35 19 has
2886 2167 53 19 been
2962 2167 93 22 assigned
3076 2169 24 17 to
3120 2166 73 23 Lowry

2809 2198 1 24 t
2829 2198 59 22 AFB,
2908 2198 70 24 Colo.,
2996 2198 54 19 after
3066 2198 128 22 completing

2809 2229 3 24 i
2829 2229 41 19 Air
2904 2229 76 19 Force
3012 2229 55 19 basic
3099 2229 94 24 training.

2809 2261 3 24 b
2830 2261 77 24 During
2918 2261 32 19 his
2961 2261 30 19 six
3003 2262 69 18 weeks
3083 2264 21 16 at
3113 2261 35 19 the
3158 2261 35 19 Air

2829 2292 96 24 Training
2939 2293 135 19 Command's
3090 2293 103 19 Lackland

2829 2325 61 22 AFB,
2903 2325 59 22 Tex.,
2976 2325 26 19 he
3017 2325 81 19 studied
3111 2325 35 18 the
3158 2325 35 18 Air

2809 2350 3 34 [
2831 2356 62 19 Force
2926 2356 93 23 mission,
3050 2356 142 23 organization

2829 2388 42 19 and
2902 2391 94 16 customs
3028 2387 39 20 and
3101 2387 91 19 received

2809 2419 3 29 r
2830 2420 73 22 special
2926 2419 126 19 instruction
3073 2419 21 19 in
3115 2419 78 19 human

2809 2451 4 27 $
2831 2452 104 18 relations.
2954 2451 85 18 Airman
3059 2451 73 18 Rivera
3151 2451 15 19 is
3182 2456 12 13 a

2809 2482 1 24 <
2832 2482 63 20 1972
2928 2483 99 23 graduate
3059 2483 22 19 of
3114 2482 79 24 Rindge

2830 2514 109 20 Technical
2949 2514 52 24 High
3011 2514 86 20 School.

2832 2580 164 37 Medical

2832 2645 285 48 appointments

2832 2716 40 26 at
2892 2705 180 36 Harvard

2862 2776 106 24 Among
3005 2775 28 20 SI
3074 2775 118 19 medical

2826 2804 134 20 educators
2994 2804 54 20 who
3080 2804 111 24 recently

2826 2834 93 19 received
2938 2834 159 22 appointments
3116 2835 24 17 to
3156 2833 35 19 the

2827 2862 87 24 Faculty
2925 2862 26 20 of
2960 2862 102 19 Medicine
3071 2864 20 17 at
3102 2862 88 19 Harvard

2826 2891 16 19 is
2860 2890 121 20 Emmanuel
3000 2891 99 22 Deutsch,
3117 2890 48 22 MD,
3180 2895 11 15 a

2827 2920 66 19 native
2902 2919 26 20 of
2935 2919 131 24 Cambridge.

2862 2949 45 19 Dr.
2945 2948 127 23 Deutsch,
3107 2948 84 19 named

2826 2978 95 18 assistant
2944 2977 81 19 clinical
3044 2977 105 24 professor
3168 2976 24 20 of

2827 3006 110 23 medicine,
2948 3006 17 19 is
2977 3011 11 14 a
2997 3006 87 19 medical
3092 3006 99 24 graduate

2826 3034 24 20 of
2874 3034 61 20 Tufts
2959 3034 124 24 University.
3109 3035 83 23 Among

2827 3063 137 23 professional
2987 3063 103 24 positions
3111 3063 26 20 he
3156 3063 36 19 has

2827 3092 76 19 held
2945 3098 49 13 are
3034 3092 158 22 director,

2825 3121 177 23 gastrointestinal
3017 3121 119 23 laboratory
3151 3121 40 19 and

2826 3150 88 23 training
2941 3155 95 19 program
3064 3152 19 17 at
3111 3149 80 24 Carney

2827 3178 94 28 Hospital
2933 3178 40 20 and
2987 3178 56 19 chief
3053 3178 24 19 of
3088 3178 103 19 medicine

2826 3208 39 19 and
2889 3208 88 23 training
2999 3212 94 20 program
3116 3209 19 17 at
3156 3207 35 19 the

2825 3236 124 24 Cambridge
2959 3236 101 24 Hospital.

102 168 165 27 FOUR

1682 178 163 20 CAMBRIDGE
1856 179 157 21 CHRONICLE

3338 193 128 19 JANUARY
3477 195 21 20 4,
3510 195 56 19 1973

216 994 270 51 Weekend
500 993 251 66 Specials

221 1066 214 61 Thurs..
476 1069 110 53 FrL
626 1070 118 55 Sat.

387 1158 150 37 U.S.D.A.

284 1211 135 37 CHOICE
440 1211 173 37 BONELESS

376 1280 186 77 FACE

356 1385 236 76 RUMP

348 1491 252 74 ROAST

338 1603 262 107 *1.29

351 1746 94 42 (BEEF
466 1747 151 44 ROUND)

431 1861 109 37 CELLO

295 1938 343 79 SPINACH

621 1675 43 29 LB.

579 2116 71 29 PKG.

176 2205 629 79 BROADWAY

249 2322 196 63 SUPER
483 2322 264 66 MARKET

214 2413 59 26 468
297 2413 223 30 BROADWAY,
544 2412 215 27 CAMBRIDGE

314 2451 141 20 OPPOSITE
470 2453 109 19 RINDGE
593 2453 78 20 TECH

210 2476 39 19 We
263 2476 98 20 Reserve
376 2477 46 19 The
435 2477 68 23 Rifht
517 2478 31 19 To
562 2479 68 19 Limit
646 2480 128 22 Quantities

990 1921 60 25 DID
1066 1921 74 26 YOU

955 1962 82 26 EVER
1055 1963 117 25 THINK

914 2003 99 26 THAT
1032 2005 177 26 NO-FAULT

900 2045 124 27 MEANS

998 2086 97 29 YOUR

1112 2130 112 27 FAULT

939 2171 61 28 IT’S
1023 2172 73 27 NOT
1114 2172 70 26 THE

939 2212 116 27 OTHER
1081 2213 102 28 GUY’S

1002 2256 121 28 FAULT.

898 2297 104 27 DRIVE
1021 2297 201 28 CAREFULLY

902 2363 72 26 John
1107 2364 120 32 Douglas

923 2403 34 28 H.
1162 2405 13 23 f

903 2445 70 33 Dyer
1128 2446 79 27 Poole

990 2488 58 27 864
1061 2489 80 28 4850

248 2620 95 22 DON’T
355 2620 76 22 LOSE
442 2620 64 22 OUT
518 2620 139 23 BECAUSE
667 2620 41 22 OF

223 2654 156 22 DROPPING
391 2653 121 23 RATES!!

256 2688 30 21 At
299 2686 104 25 Harvard
413 2686 78 25 Trust,
503 2693 31 15 no
546 2691 86 17 matter
642 2686 62 21 what
717 2685 107 30 happens

222 2727 26 17 to
260 2721 79 22 future
351 2721 96 21 interest
459 2726 69 20 rates,
539 2727 35 15 we
585 2726 126 24 (guarantee
724 2725 26 18 to
760 2728 42 14 con-

223 2756 64 21 tinue
299 2761 25 16 to
336 2762 45 22 pay
393 2762 49 22 you
453 2754 41 22 the
505 2754 91 29 highest
609 2754 97 22 interest
718 2759 60 16 rates
809 2763 7 6 *

222 2796 54 15 now
287 2789 135 30 prescribed
433 2789 31 28 by
477 2789 40 21 the
530 2788 94 22 Federal
638 2789 100 21 Reserve
750 2788 76 22 Board

223 2823 36 22 for
271 2824 71 21 funds
353 2831 31 14 on
396 2823 94 29 deposit
503 2823 21 21 in
536 2822 29 23 all
578 2822 56 22 Blue
644 2822 62 29 Chip
716 2821 82 23 Certifi-

221 2864 71 18 cates,
303 2858 135 21 Statement
450 2857 46 22 and
508 2855 120 24 Passbook
639 2857 131 21 Accounts.

256 2892 76 21 Invest
344 2899 61 21 your
416 2897 89 22 money
517 2891 73 28 today
603 2890 22 22 in
637 2899 12 13 a
661 2890 56 22 Blue
728 2890 62 29 Chip
802 2890 50 21 Plus

221 2925 94 28 Savings
326 2925 138 22 Certificate
476 2924 58 23 with
544 2933 13 13 a
568 2930 50 17 two
629 2931 55 22 year
695 2924 150 28 redemption

222 2959 108 30 privilege
341 2959 45 22 and
400 2959 36 22 for
449 2959 39 22 the
500 2963 56 17 next
567 2958 64 29 eight
644 2965 66 21 years
721 2958 60 21 we’ll

221 2999 126 23 guarantee
358 2998 26 17 to
397 3001 44 21 pay
453 3000 49 22 you
514 2992 15 23 5
541 2992 66 28 3/4%
617 2999 41 22 per
671 2998 97 17 annum,

222 3027 76 22 which
310 3034 55 14 now
376 3034 67 15 earns
454 3027 39 22 6%
503 3026 57 22 with
570 3026 155 22 Continuous
734 3026 53 22 Com-

223 3060 129 30 pounding.
374 3060 21 22 If
405 3068 48 21 you
466 3060 59 22 need
536 3066 63 22 your
609 3059 72 22 funds
692 3059 84 22 before
788 3059 39 22 the

222 3093 114 30 maturity
347 3094 55 22 date
414 3094 141 28 you-select,
565 3100 50 21 you
627 3100 53 21 may
692 3090 95 24 redeem
799 3093 39 21 the

223 3128 132 23 certificate
365 3127 82 22 within
461 3133 38 16 ten
511 3127 58 28 days
581 3126 124 28 following
715 3126 57 22 each
786 3132 47 16 two

223 3168 54 21 year
287 3161 153 30 redemption
451 3160 80 22 date...
543 3168 27 14 or
581 3167 49 22 you
642 3167 53 21 may
706 3159 50 29 give
767 3159 64 30 prior

223 3194 79 23 notice
314 3195 22 21 in
348 3194 117 29 writing...
478 3201 26 14 or
515 3194 28 21 be
555 3194 157 21 assured.that
724 3201 49 21 you
786 3200 52 21 may

222 3229 95 21 borrow
329 3228 62 22 from
404 3236 33 14 us.

921 2621 96 27 Savings
1025 2620 152 23 Certificates
1188 2621 58 22 with
1258 2629 46 14 one
1315 2629 56 21 year
1383 2629 28 14 or
1422 2621 65 22 three

889 2655 83 21 month
985 2655 151 30 redemption
1148 2655 122 30 privileges
1280 2662 38 15 are
1329 2655 121 24 available,

889 2693 11 18 t
900 2693 55 18 00...
967 2689 46 22 and
1025 2688 103 24 Harvard
1139 2689 68 22 Trust
1220 2688 49 23 also
1280 2688 75 22 offers
1369 2688 56 23 Blue
1435 2688 61 30 Chip

888 2722 116 22 Premium
1016 2722 95 28 Savings
1121 2722 151 22 Certificates
1283 2722 46 22 and
1343 2722 56 22 Blue
1409 2722 61 29 Chip

887 2756 117 22 Premium
1015 2755 83 30 Target
1111 2757 61 20 Dale
1183 2757 123 21 Accounts
1318 2756 77 22 which
1407 2755 58 23 have

889 2789 64 22 fixed
965 2789 114 28 maturity
1090 2789 75 23 dales.
1187 2790 33 27 By
1232 2789 113 27 selecting
1355 2797 12 14 a
1380 2789 112 28 maturity

887 2822 54 23 dale
953 2830 23 15 as
989 2822 34 23 far
1033 2822 40 22 off
1082 2831 23 14 as
1117 2823 133 22 December
1261 2823 40 24 31,
1317 2822 71 24 1980,
1399 2830 48 21 you
1458 2830 43 14 can

888 2856 68 22 make
967 2864 52 14 sure
1032 2856 48 22 that
1093 2856 29 22 all
1135 2855 72 23 funds
1217 2864 32 13 on
1260 2855 95 31 deposit
1367 2856 46 21 will
1425 2856 64 22 work

889 2889 36 22 for
936 2896 49 24 you
995 2895 23 17 at
1030 2898 12 13 a
1054 2895 49 18 rate
1113 2890 28 21 of
1153 2890 96 21 interest
1261 2890 77 21 which
1351 2890 16 21 is
1378 2897 82 21 guaran-

889 2923 78 22 teed...
979 2923 127 28 regardless
1117 2923 28 22 of
1155 2923 61 22 what
1230 2923 40 22 the
1282 2923 80 22 future
1374 2923 76 21 holds.

923 2956 115 22 So'relax.

925 2991 75 21 Invest
1012 2998 25 14 as
1047 2989 61 23 little
1119 2998 24 14 as
1154 2990 13 23 S
1176 2991 44 20 100
1232 2990 22 21 in
1266 2996 46 21 any
1324 2989 27 22 of
1360 2997 46 14 our
1418 2989 55 22 Blue

889 3024 61 29 Chip
960 3024 154 25 certificates.
1124 3024 135 21 Statement
1271 3031 28 14 or
1310 3023 120 22 Passbook
1442 3024 28 21 Ac-

889 3064 87 16 counts
986 3058 47 21 and
1044 3058 28 21 sit
1084 3057 61 22 back
1157 3058 45 21 and
1213 3057 74 29 enjoy
1298 3066 12 13 a
1321 3065 52 14 sure
1385 3057 73 28 thing.

891 3092 53 22 And
955 3091 70 24 don’t
1037 3092 76 27 forget
1126 3091 51 22 that
1188 3092 57 21 with
1257 3098 46 21 any
1315 3090 28 23 of
1353 3091 67 22 these
1430 3099 24 14 ac-

892 3133 87 17 counts
990 3133 50 24 you
1050 3135 39 14 are
1099 3125 51 25 also
1160 3127 101 22 entitled
1272 3133 28 16 to
1310 3135 12 14 a
1335 3126 78 22 FREE

892 3161 162 22 CHECKING
1065 3160 151 23 ACCOUNT
1226 3173 20 3 -
1257 3159 46 23 NO
1312 3159 133 22 SERVICE

892 3194 139 25 CHARGE,
1042 3194 44 22 NO
1097 3194 143 21 MINIMUM
1254 3193 153 22 BALANCE.

252 3989 226 86 Relax.
482 3989 170 75 Your
668 3988 171 97 high
858 3989 286 74 interest
1162 3993 185 70 rates
1364 4007 119 55 are

118 4094 432 101 guaranteed
571 4095 180 75 until
772 4091 200 88 1980,
988 4100 75 70 at
1079 4092 309 77 Harvard
1403 4091 220 76 Ihist

447 4363 493 110 HAJWAPD
965 4361 328 109 TRUST

527 4490 40 20 For
578 4495 51 15 over
643 4489 43 20 110
696 4494 68 19 years,
776 4495 40 13 our
827 4494 64 14 name
901 4489 38 20 has
950 4489 96 24 inspired
1055 4489 136 19 confidence

380 4525 85 21 Offices
476 4527 21 18 in
510 4525 123 24 Arlington,
647 4523 109 21 Belmont.
768 4522 138 25 Cambridge,
917 4522 111 22 Concord,
1042 4522 131 23 Lexington,
1184 4520 43 19 and
1240 4520 108 19 Littleton

3217 2632 2 2 ■

3210 2672 11 16 s
3266 2665 32 24 So
3310 2673 48 22 you
3372 2672 67 16 were
3451 2671 15 16 a
3479 2663 43 29 big
3569 2661 6 29 1

3210 2699 12 18 j
3564 2693 11 15 ;

3211 2716 12 21 2
3267 2712 81 25 hero.
3372 2710 63 24 And
3460 2718 63 16 now
3565 2721 10 24 j

3267 2766 53 23 you
3352 2756 121 26 wonder
3502 2756 22 24 if

3211 2813 6 11 >
3267 2805 75 30 you’ll
3370 2811 59 18 ever
3454 2810 70 17 wear
3565 2811 8 11 v

3210 2844 7 30 \
3267 2852 54 24 that
3338 2850 81 31 jacket
3434 2850 89 29 again.
3565 2845 8 37 $

3209 2898 16 40 '!
3267 2898 52 23 You
3338 2897 57 24 willl
3413 2896 54 25 Call
3486 2904 36 16 us.
3568 2899 5 27 J

3212 2921 27 69 i

3208 3064 16 68 i
3257 3078 315 66 CIfANERsj

3207 3134 15 32 /
3233 3145 15 21 4
3266 3144 98 22 Hudson
3380 3144 32 22 St.
3426 3144 39 22 off
3481 3144 66 24 1672
3557 3139 15 29 N

3207 3186 12 29 y
3253 3180 73 22 Mass.
3351 3180 66 23 Avo.,
3440 3180 83 23 Camb.
3556 3168 16 35 R

3206 3215 12 34 y
3316 3214 29 22 Kl
3365 3215 97 23 7-8008

3209 3238 363 35 /////wmiminmimmwW

3005 3320 116 47 WHY
3149 3320 186 47 TRAVEL

2929 3388 85 35 WISE
3036 3388 136 35 BUYERS
3188 3388 98 35 SHOP
3307 3388 98 34 HERE!

2917 3450 234 61 LIBBY'S
3184 3453 233 61 LIQUOR

2947 3524 282 71 MARKET,
3262 3527 127 58 INC.

2941 3605 25 21 *
2997 3630 20 3 -
3030 3611 92 29 SELF
3142 3611 173 29 SERVlCE-

2930 3664 207 46 imported
3160 3665 30 34 &
3213 3664 209 35 Domestic

2852 3732 129 28 WINES
3038 3744 7 2 -
3106 3732 181 33 LIQUORS
3400 3730 95 28 BEER

2853 3875 68 29 Gift
2941 3875 96 34 Dept.

2855 3997 24 27 C
2890 3998 162 28 ollectors

2857 4052 98 28 Items

3156 3877 179 102 B{f%
3336 3938 36 41 c

2852 4166 105 29 WINE

2848 4219 302 31 CONSULTANTS

2911 4272 145 49 Phone

2886 4336 220 47 354-3678

2925 4404 55 27 575
3001 4402 272 28 Massachusetts
3294 4402 140 27 Avenue

2909 4449 139 29 Central
3070 4449 141 34 Square.
3229 4446 213 36 Cambridge

2823 4494 132 45 Parking
2978 4496 28 33 in
3027 4496 80 34 Rear
3265 4490 131 44 Parking
3419 4489 31 33 in*
3467 4489 79 33 Rear

2921 4578 16 26 l
