15356 23012
5928.0 1008.0 688.0 112.0 TtFAVF.'R
6704.0 1000.0 712.0 112.0 COUNTY
7496.0 988.0 528.0 124.0 NltWS,
8104.0 992.0 840.0 112.0 MTLFORD.
9020.0 988.0 488.0 112.0 UTAH

984.0 2176.0 2152.0 656.0 WOMAN
3240.0 2496.0 432.0 336.0 W
3672.0 2488.0 1480.0 344.0 HOMING

976.0 2888.0 808.0 240.0 Author
1848.0 2896.0 288.0 264.0 of
2208.0 2888.0 1416.0 240.0 "GheAMAIHK
3680.0 2880.0 1440.0 248.0 CRACKSMAN,

968.0 3184.0 1072.0 240.0 RAFFLES.
2168.0 3184.0 472.0 240.0 Etc.

1008.0 3456.0 1312.0 168.0 ILLUSTRATIONS
2496.0 3464.0 184.0 144.0 by
2840.0 3456.0 224.0 136.0 O.
3168.0 3448.0 792.0 144.0 IRWIN
4040.0 3432.0 1040.0 160.0 MYERS

1524.0 3808.0 680.0 84.0 SYNOPSIS.

792.0 4076.0 340.0 76.0 Cazale
1280.0 4108.0 120.0 52.0 on
1504.0 4088.0 160.0 72.0 the
1764.0 4092.0 420.0 68.0 steamer
2280.0 4088.0 348.0 68.0 Kaisor
2720.0 4084.0 284.0 84.0 Fritz,

704.0 4160.0 424.0 80.0 homewa
1224.0 4176.0 36.0 72.0 j
1368.0 4180.0 312.0 72.0 bound
1784.0 4184.0 248.0 68.0 from
2140.0 4180.0 520.0 80.0 Australia,
2768.0 4180.0 244.0 72.0 cries

700.0 4268.0 164.0 60.0 out
932.0 4260.0 92.0 72.0 in
1096.0 4260.0 160.0 84.0 his
1320.0 4272.0 256.0 84.0 sleep
1648.0 4272.0 208.0 72.0 that
1928.0 4272.0 324.0 72.0 Henrv
2324.0 4272.0 400.0 80.0 Craven,
2800.0 4272.0 212.0 68.0 who

696.0 4348.0 160.0 72.0 ten
948.0 4364.0 296.0 72.0 years
1340.0 4364.0 324.0 72.0 before
1752.0 4364.0 188.0 72.0 had
2032.0 4364.0 324.0 72.0 ruined
2452.0 4364.0 144.0 72.0 his
2692.0 4364.0 320.0 72.0 father

44.0 4464.0 64.0 40.0 -
696.0 4436.0 188.0 124.0 ynd
920.0 4440.0 228.0 128.0 J'"'
1184.0 4456.0 208.0 84.0 self,
1476.0 4460.0 76.0 68.0 is
1624.0 4456.0 240.0 72.0 dead
1940.0 4456.0 184.0 72.0 and
2204.0 4460.0 240.0 68.0 finds
2520.0 4456.0 212.0 72.0 that
2808.0 4456.0 204.0 72.0 Hil-

628.0 4532.0 596.0 96.0 ""VnTo,
1296.0 4548.0 208.0 72.0 who
1568.0 4548.0 336.0 76.0 shares
1972.0 4548.0 156.0 72.0 the
2192.0 4556.0 524.0 64.0 stateroom
2784.0 4548.0 228.0 72.0 with

708.0 4628.0 232.0 84.0 him.
1040.0 4648.0 328.0 64.0 Knows
1460.0 4640.0 372.0 72.0 Craven
1956.0 4640.0 184.0 72.0 and
2264.0 4644.0 204.0 68.0 also
2592.0 4640.0 420.0 72.0 Blanche

0.0 4724.0 20.0 40.0 ;
712.0 4716.0 464.0 92.0 Macnalr,
1284.0 4748.0 52.0 52.0 a
1440.0 4732.0 356.0 72.0 former
1900.0 4732.0 456.0 84.0 neighbor
2456.0 4732.0 184.0 72.0 and
2744.0 4732.0 268.0 88.0 play-

712.0 4828.0 288.0 60.0 mnte.
1140.0 4820.0 304.0 72.0 When
1584.0 4824.0 160.0 72.0 the
1880.0 4824.0 256.0 84.0 daily
2272.0 4840.0 344.0 68.0 papers
2752.0 4840.0 260.0 56.0 come

716.0 4904.0 360.0 76.0 aboard
1152.0 4920.0 104.0 64.0 at
1332.0 4912.0 700.0 88.0 Southampton
2112.0 4920.0 252.0 80.0 Toye
2444.0 4916.0 280.0 72.0 reads
2800.0 4916.0 216.0 76.0 that

720.0 4996.0 368.0 76.0 Craven
1212.0 5004.0 172.0 72.0 has
1504.0 5008.0 228.0 72.0 been
1860.0 5012.0 492.0 72.0 murdered
2472.0 5012.0 188.0 68.0 and
2776.0 5008.0 236.0 72.0 calls

724.0 5084.0 468.0 84.0 Cazalet's
1260.0 5096.0 328.0 72.0 dream
1652.0 5100.0 348.0 72.0 second
2068.0 5100.0 284.0 84.0 sight.
2472.0 5100.0 144.0 76.0 He
2688.0 5100.0 324.0 76.0 thinks

720.0 5180.0 100.0 80.0 Of
892.0 5184.0 284.0 88.0 doing
1252.0 5204.0 56.0 56.0 a
1380.0 5188.0 240.0 72.0 little
1696.0 5200.0 444.0 64.0 amateur
2208.0 5196.0 468.0 72.0 detective
2752.0 5192.0 260.0 72.0 work

720.0 5288.0 120.0 60.0 on
900.0 5272.0 156.0 80.0 the
1112.0 5292.0 220.0 60.0 case
1388.0 5280.0 412.0 76.0 himself.
1912.0 5284.0 108.0 72.0 In
2076.0 5284.0 160.0 76.0 the
2296.0 5288.0 248.0 68.0 train
2608.0 5292.0 92.0 68.0 to
2756.0 5292.0 256.0 68.0 town

716.0 5360.0 232.0 92.0 they
1008.0 5368.0 368.0 76.0 discuss
1440.0 5372.0 156.0 76.0 the
1656.0 5376.0 408.0 80.0 murder,
2132.0 5376.0 304.0 72.0 which
2504.0 5396.0 200.0 56.0 was
2764.0 5396.0 200.0 52.0 com-

720.0 5456.0 332.0 76.0 mitted
1112.0 5468.0 100.0 64.0 at
1268.0 5460.0 476.0 80.0 Cazalet's
1804.0 5468.0 152.0 72.0 old
2012.0 5468.0 300.0 76.0 home.
2416.0 5472.0 256.0 80.0 Toye
2732.0 5468.0 284.0 72.0 hears

720.0 5548.0 248.0 72.0 from
1028.0 5548.0 392.0 80.0 Cazalet
1480.0 5556.0 216.0 76.0 that
1756.0 5560.0 432.0 80.0 Scruton.
2252.0 5560.0 212.0 76.0 who
2528.0 5560.0 184.0 72.0 had
2780.0 5560.0 232.0 72.0 been

720.0 5636.0 472.0 80.0 Cazalet's
1296.0 5648.0 304.0 72.0 friend
1704.0 5652.0 188.0 72.0 and
1992.0 5652.0 160.0 76.0 the
2244.0 5656.0 520.0 80.0 scapegoat
2864.0 5656.0 152.0 68.0 for

720.0 5728.0 460.0 80.0 Craven's
1284.0 5736.0 584.0 88.0 dishonesty,
1980.0 5744.0 172.0 72.0 has
2260.0 5744.0 228.0 72.0 been
2592.0 5744.0 420.0 72.0 released

720.0 5824.0 248.0 72.0 from
1076.0 5828.0 348.0 84.0 prison.
1580.0 5832.0 392.0 76.0 Cazalet
2080.0 5852.0 224.0 68.0 goes
2440.0 5836.0 272.0 72.0 down
2852.0 5836.0 164.0 72.0 the

720.0 5912.0 256.0 76.0 river
1040.0 5920.0 184.0 68.0 and
1292.0 5928.0 296.0 68.0 meets
1660.0 5928.0 448.0 72.0 Blanche.

1096.0 6140.0 628.0 92.0 CHAPTER
1820.0 6148.0 80.0 84.0 V
2040.0 6148.0 612.0 92.0 Continued.

852.0 6404.0 160.0 92.0 He
1112.0 6412.0 200.0 88.0 had
1416.0 6416.0 604.0 88.0 floundered
2120.0 6424.0 104.0 84.0 to
2324.0 6420.0 164.0 88.0 his
2588.0 6420.0 216.0 88.0 feet
2900.0 6444.0 120.0 64.0 as

732.0 6544.0 256.0 88.0 well.
1120.0 6548.0 160.0 88.0 He
1340.0 6572.0 220.0 68.0 was
1624.0 6556.0 500.0 100.0 standing
2184.0 6580.0 252.0 64.0 over
2496.0 6560.0 216.0 100.0 her,
2780.0 6560.0 212.0 88.0 feel-

728.0 6684.0 176.0 104.0 ing
972.0 6684.0 164.0 88.0 his
1204.0 6708.0 228.0 80.0 way
1504.0 6688.0 208.0 92.0 like
1780.0 6712.0 64.0 64.0 a
1908.0 6700.0 300.0 92.0 great
2276.0 6692.0 424.0 92.0 fatuous
2768.0 6716.0 220.0 68.0 cow-

724.0 6820.0 220.0 108.0 ard,
1012.0 6840.0 112.0 64.0 so
1196.0 6844.0 288.0 64.0 some
1544.0 6828.0 336.0 100.0 might
1944.0 6832.0 268.0 84.0 have
2276.0 6836.0 476.0 100.0 thought.
2816.0 6836.0 204.0 84.0 But

728.0 6956.0 80.0 88.0 It
860.0 6956.0 328.0 104.0 really
1244.0 6964.0 368.0 88.0 looked
1668.0 6988.0 116.0 64.0 as
1840.0 6968.0 396.0 100.0 though
2284.0 6972.0 464.0 88.0 Blanche
2800.0 6992.0 216.0 64.0 was

728.0 7104.0 180.0 84.0 not
968.0 7096.0 552.0 104.0 attending
1584.0 7104.0 104.0 84.0 to
1756.0 7104.0 280.0 88.0 what
2100.0 7104.0 128.0 88.0 he
2296.0 7104.0 168.0 88.0 did
2532.0 7128.0 228.0 80.0 say;
2844.0 7116.0 180.0 92.0 yet

728.0 7228.0 416.0 88.0 neither
1240.0 7252.0 216.0 68.0 was
1556.0 7236.0 188.0 88.0 she
1840.0 7244.0 528.0 100.0 watching
2464.0 7244.0 188.0 84.0 her
2744.0 7244.0 276.0 88.0 little

728.0 7368.0 424.0 100.0 anglers
1240.0 7376.0 480.0 100.0 stamped
1808.0 7376.0 104.0 84.0 in
1996.0 7380.0 152.0 100.0 jet
2232.0 7400.0 268.0 80.0 upon
2592.0 7384.0 180.0 84.0 the
2860.0 7380.0 128.0 88.0 sil-

732.0 7520.0 248.0 84.0 very
1032.0 7512.0 428.0 96.0 stream,
1512.0 7532.0 188.0 68.0 nor
1752.0 7536.0 260.0 64.0 even
2068.0 7516.0 364.0 100.0 seeing
2480.0 7540.0 204.0 76.0 any
2732.0 7540.0 288.0 68.0 more

728.0 7640.0 112.0 84.0 of
916.0 7640.0 300.0 104.0 Nelly
1300.0 7644.0 300.0 92.0 Potts
1676.0 7648.0 104.0 88.0 in
1860.0 7652.0 180.0 84.0 the
2120.0 7656.0 608.0 88.0 Australian
2808.0 7676.0 188.0 64.0 ver-

728.0 7776.0 304.0 88.0 anda.
1164.0 7780.0 212.0 88.0 She
1440.0 7784.0 204.0 88.0 had
1712.0 7808.0 292.0 68.0 come
2072.0 7788.0 304.0 88.0 home
2440.0 7792.0 268.0 84.0 from
2776.0 7796.0 216.0 84.0 Aus-

736.0 7916.0 336.0 100.0 tralia,
1128.0 7920.0 204.0 84.0 and
1388.0 7944.0 296.0 64.0 come
1736.0 7924.0 104.0 88.0 in
1896.0 7928.0 264.0 84.0 from
2220.0 7928.0 176.0 84.0 the
2452.0 7928.0 308.0 104.0 river,
2816.0 7932.0 204.0 84.0 and

732.0 8052.0 188.0 88.0 she
972.0 8072.0 216.0 68.0 was
1248.0 8060.0 528.0 104.0 watching
1828.0 8064.0 176.0 88.0 the
2056.0 8088.0 264.0 80.0 open
2376.0 8068.0 256.0 84.0 door
2684.0 8072.0 108.0 84.0 at
2844.0 8068.0 180.0 84.0 the

732.0 8188.0 304.0 88.0 other
1084.0 8188.0 200.0 88.0 end
1336.0 8196.0 112.0 84.0 of
1496.0 8200.0 176.0 80.0 the
1728.0 8200.0 164.0 84.0 old
1936.0 8200.0 688.0 100.0 schoolroom,
2676.0 8204.0 316.0 88.0 listen-

736.0 8320.0 176.0 108.0 ing
976.0 8328.0 108.0 84.0 to
1152.0 8328.0 304.0 88.0 those
1528.0 8332.0 652.0 88.0 confounded
2252.0 8344.0 292.0 96.0 steps
2612.0 8340.0 416.0 100.0 coming

736.0 8480.0 372.0 68.0 nearer
1200.0 8468.0 200.0 84.0 and
1492.0 8488.0 376.0 68.0 nearer
2000.0 8472.0 200.0 88.0 and
2292.0 8476.0 424.0 88.0 Cazalet
2808.0 8500.0 216.0 64.0 was

736.0 8600.0 372.0 104.0 gazing
1172.0 8608.0 108.0 84.0 at
1344.0 8604.0 188.0 88.0 her
1596.0 8628.0 116.0 64.0 as
1776.0 8608.0 392.0 104.0 though
2232.0 8612.0 128.0 84.0 he
2424.0 8612.0 328.0 100.0 really
2820.0 8612.0 200.0 88.0 had

736.0 8736.0 228.0 88.0 said
1052.0 8744.0 596.0 100.0 something
1728.0 8748.0 240.0 84.0 that
2048.0 8748.0 504.0 88.0 deserved
2636.0 8772.0 136.0 64.0 an
2860.0 8772.0 132.0 68.0 an-

736.0 8888.0 300.0 72.0 swer.
864.0 9024.0 356.0 104.0 "Why,
1276.0 9028.0 264.0 88.0 Miss
1596.0 9032.0 584.0 88.0 Blanche!"
2236.0 9036.0 284.0 88.0 cried
2584.0 9064.0 56.0 60.0 a
2700.0 9040.0 324.0 88.0 voice.

740.0 9156.0 288.0 92.0 "And
1084.0 9188.0 260.0 76.0 your
1396.0 9168.0 168.0 88.0 old
1624.0 9172.0 852.0 104.0 lady-in-waiting
2528.0 9176.0 400.0 100.0 figured
2988.0 9176.0 40.0 88.0 I

736.0 9296.0 372.0 88.0 Bhould
1172.0 9300.0 208.0 88.0 find
1440.0 9324.0 196.0 80.0 you
1704.0 9308.0 420.0 84.0 flown!"

864.0 9448.0 364.0 92.0 Hilton
1328.0 9456.0 280.0 96.0 Toye
1704.0 9480.0 216.0 68.0 was
2016.0 9460.0 428.0 100.0 already
2540.0 9488.0 60.0 64.0 a
2696.0 9464.0 300.0 88.0 lands-

736.0 9604.0 244.0 68.0 man
1048.0 9588.0 204.0 88.0 and
1320.0 9616.0 60.0 64.0 a
1448.0 9592.0 556.0 92.0 Londoner
2064.0 9600.0 268.0 84.0 from
2404.0 9604.0 176.0 100.0 top
2652.0 9604.0 104.0 84.0 to
2824.0 9608.0 204.0 80.0 toe.

736.0 9720.0 164.0 92.0 He
996.0 9748.0 216.0 64.0 was
1308.0 9728.0 516.0 104.0 perfectly
1916.0 9732.0 432.0 88.0 dressed
2484.0 9736.0 164.0 88.0 for
2740.0 9740.0 288.0 84.0 Bond

740.0 9860.0 356.0 92.0 Street
1224.0 9864.0 204.0 84.0 and
1532.0 9868.0 164.0 88.0 his
1800.0 9868.0 352.0 92.0 native
2256.0 9872.0 568.0 104.0 simplicity
2924.0 9876.0 112.0 88.0 of

744.0 9992.0 432.0 112.0 bearing
1276.0 10000.0 204.0 88.0 and
1584.0 10004.0 440.0 88.0 address
2128.0 10008.0 364.0 100.0 placed
2592.0 10012.0 216.0 84.0 him
2912.0 10036.0 120.0 64.0 as

740.0 10132.0 352.0 104.0 surely
1172.0 10140.0 204.0 84.0 and
1460.0 10140.0 344.0 100.0 firmly
1880.0 10144.0 104.0 84.0 In
2068.0 10148.0 176.0 84.0 the
2324.0 10152.0 428.0 96.0 present
2836.0 10152.0 164.0 100.0 pic-

744.0 10276.0 256.0 84.0 ture.
1120.0 10272.0 160.0 88.0 He
1336.0 10276.0 164.0 88.0 did
1560.0 10284.0 184.0 80.0 not
1800.0 10280.0 236.0 84.0 look
2092.0 10284.0 180.0 84.0 the
2324.0 10284.0 268.0 88.0 least
2648.0 10284.0 152.0 88.0 bit
2852.0 10288.0 180.0 84.0 out

740.0 10408.0 112.0 84.0 of
916.0 10412.0 108.0 84.0 it
1156.0 10408.0 204.0 92.0 But
1428.0 10412.0 420.0 88.0 Cazalet
1916.0 10416.0 204.0 104.0 did,
2192.0 10416.0 104.0 88.0 in
2364.0 10440.0 128.0 64.0 an
2568.0 10420.0 448.0 104.0 instant;

740.0 10540.0 164.0 92.0 his
980.0 10548.0 164.0 88.0 old
1220.0 10548.0 268.0 88.0 bush
1568.0 10552.0 404.0 88.0 clothes
2044.0 10556.0 472.0 100.0 changed
2592.0 10564.0 108.0 80.0 at
2776.0 10580.0 260.0 68.0 once

744.0 10680.0 216.0 92.0 Into
1036.0 10700.0 60.0 68.0 a
1172.0 10684.0 396.0 104.0 merely
1644.0 10688.0 400.0 100.0 shabby
2116.0 10692.0 208.0 88.0 suit
2396.0 10692.0 112.0 84.0 of
2576.0 10692.0 428.0 104.0 despica-

744.0 10816.0 164.0 92.0 ble
984.0 10824.0 220.0 96.0 cut;
1296.0 10820.0 180.0 88.0 the
1560.0 10844.0 492.0 68.0 romance
2128.0 10828.0 456.0 104.0 dropped
2668.0 10840.0 180.0 80.0 out
2928.0 10832.0 112.0 88.0 of

740.0 10952.0 288.0 88.0 them
1120.0 10960.0 204.0 84.0 and
1412.0 10960.0 280.0 84.0 their
1776.0 10984.0 432.0 80.0 wearer,
2300.0 10988.0 116.0 64.0 as
2504.0 10964.0 136.0 92.0 he
2732.0 10968.0 300.0 88.0 stood

748.0 11088.0 212.0 88.0 like
1128.0 11116.0 60.0 64.0 a
1356.0 11100.0 428.0 84.0 trussed
1952.0 11100.0 704.0 104.0 turkey-cock,
2832.0 11108.0 200.0 84.0 and

744.0 11228.0 476.0 88.0 watched
1300.0 11256.0 60.0 64.0 a
1432.0 11232.0 344.0 88.0 bunch
1848.0 11240.0 112.0 84.0 of
2032.0 11240.0 516.0 88.0 hothouse
2628.0 11240.0 408.0 88.0 flowers

744.0 11368.0 560.0 100.0 presented
1364.0 11376.0 108.0 80.0 to
1524.0 11372.0 180.0 88.0 the
1764.0 11372.0 236.0 100.0 lady
2048.0 11376.0 252.0 88.0 with
2356.0 11396.0 64.0 64.0 a
2472.0 11376.0 272.0 92.0 little
2804.0 11400.0 232.0 80.0 gem

748.0 11504.0 104.0 88.0 of
924.0 11528.0 60.0 64.0 a
1052.0 11508.0 452.0 96.0 natural,
1572.0 11516.0 588.0 96.0 courteous,
2236.0 11512.0 200.0 88.0 and
2508.0 11520.0 176.0 92.0 yet
2752.0 11516.0 256.0 88.0 char-

248.0 11712.0 44.0 40.0 j
748.0 11640.0 752.0 104.0 acteristlcally
1584.0 11668.0 244.0 76.0 racy
1912.0 11648.0 412.0 100.0 speech.

872.0 11788.0 144.0 92.0 To
1080.0 11792.0 184.0 88.0 the
1324.0 11792.0 272.0 100.0 lady,
1656.0 11796.0 304.0 84.0 mark
2020.0 11812.0 240.0 84.0 you;
2340.0 11796.0 164.0 84.0 for
2568.0 11796.0 188.0 84.0 she
2820.0 11812.0 216.0 68.0 was

748.0 11944.0 228.0 80.0 one,
1052.0 11948.0 132.0 64.0 on
1260.0 11932.0 184.0 84.0 the
1524.0 11936.0 280.0 100.0 spot;
1900.0 11932.0 204.0 88.0 and
2188.0 11932.0 420.0 88.0 Cazalet
2684.0 11952.0 220.0 68.0 was
2980.0 11956.0 64.0 64.0 a

748.0 12080.0 236.0 72.0 man
1040.0 12064.0 340.0 108.0 again,
1436.0 12064.0 204.0 88.0 and
1696.0 12068.0 428.0 100.0 making
2176.0 12092.0 60.0 64.0 a
2272.0 12068.0 404.0 100.0 mighty
2732.0 12068.0 312.0 88.0 effort

748.0 12204.0 104.0 84.0 to
940.0 12200.0 408.0 92.0 behave
1440.0 12204.0 428.0 88.0 himself
1960.0 12204.0 452.0 88.0 because
2508.0 12204.0 180.0 88.0 the
2780.0 12208.0 264.0 84.0 hour

752.0 12340.0 108.0 84.0 of
920.0 12340.0 196.0 100.0 hoy
1188.0 12344.0 200.0 84.0 and
1464.0 12340.0 192.0 104.0 girl
1728.0 12360.0 216.0 68.0 was
2016.0 12364.0 276.0 64.0 over.

876.0 12484.0 248.0 88.0 "Mr.
1216.0 12488.0 516.0 100.0 Cazalet,"
1820.0 12488.0 224.0 88.0 said
2140.0 12492.0 308.0 96.0 Toye,
2540.0 12488.0 100.0 88.0 "I
2724.0 12508.0 316.0 80.0 guess

748.0 12640.0 200.0 84.0 you
1040.0 12632.0 288.0 80.0 want
1416.0 12628.0 108.0 84.0 to
1620.0 12624.0 300.0 88.0 know
2016.0 12628.0 284.0 84.0 what
2392.0 12628.0 104.0 84.0 in
2588.0 12624.0 456.0 88.0 thunder

752.0 12760.0 176.0 88.0 I'm
1000.0 12760.0 312.0 104.0 doing
1376.0 12784.0 132.0 64.0 on
1576.0 12784.0 256.0 80.0 your
1896.0 12764.0 360.0 88.0 tracks
2324.0 12784.0 116.0 64.0 so
2508.0 12784.0 284.0 68.0 soon.
2868.0 12764.0 176.0 84.0 It's

752.0 12892.0 508.0 108.0 hog-luck,
1332.0 12900.0 176.0 100.0 sir,
1580.0 12900.0 448.0 88.0 because
2096.0 12900.0 36.0 88.0 I
2204.0 12900.0 408.0 84.0 wanted
2684.0 12904.0 108.0 80.0 to
2868.0 12920.0 176.0 64.0 see

752.0 13052.0 200.0 80.0 you
1036.0 13036.0 284.0 100.0 quite
1404.0 13056.0 60.0 64.0 a
1548.0 13036.0 176.0 104.0 lot,
1808.0 13040.0 188.0 84.0 but
2068.0 13036.0 40.0 84.0 I
2192.0 13060.0 324.0 64.0 never
2600.0 13040.0 440.0 100.0 thought

756.0 13168.0 136.0 92.0 I'd
992.0 13172.0 332.0 92.0 strike
1420.0 13196.0 200.0 76.0 you
1720.0 13176.0 280.0 100.0 right
2100.0 13172.0 276.0 92.0 here.
2544.0 13176.0 196.0 84.0 Did
2844.0 13196.0 200.0 76.0 you

756.0 13308.0 252.0 88.0 hear
1084.0 13312.0 180.0 92.0 the
1340.0 13312.0 416.0 84.0 news?"

880.0 13456.0 260.0 88.0 "No!
1276.0 13460.0 444.0 88.0 What?"

0.0 13704.0 24.0 20.0 .
188.0 13616.0 268.0 68.0 --"""
872.0 13604.0 348.0 92.0 There
1296.0 13632.0 204.0 64.0 was
1568.0 13632.0 132.0 64.0 no
1768.0 13608.0 264.0 88.0 need
2096.0 13612.0 108.0 84.0 to
2276.0 13608.0 404.0 100.0 Inquire
2748.0 13628.0 120.0 64.0 as
2940.0 13612.0 104.0 84.0 to

752.0 13748.0 180.0 88.0 the
988.0 13748.0 280.0 88.0 class
1328.0 13748.0 108.0 88.0 of
1492.0 13768.0 332.0 84.0 news;
1900.0 13748.0 180.0 88.0 the
2140.0 13744.0 604.0 88.0 immediate
2808.0 13748.0 240.0 100.0 past

756.0 13880.0 204.0 88.0 had
1040.0 13908.0 292.0 64.0 come
1412.0 13884.0 264.0 88.0 back
1752.0 13884.0 252.0 88.0 with
2084.0 13884.0 280.0 100.0 Toye
2444.0 13884.0 220.0 88.0 into
2748.0 13880.0 272.0 92.0 Caza-

760.0 14020.0 228.0 92.0 let's
1060.0 14020.0 224.0 108.0 life;
1368.0 14020.0 204.0 88.0 and
1648.0 14044.0 260.0 64.0 even
1980.0 14020.0 104.0 88.0 In
2152.0 14020.0 552.0 88.0 Blanche's
2776.0 14040.0 240.0 80.0 pres-

756.0 14176.0 284.0 84.0 ence,
1112.0 14176.0 264.0 72.0 even
1444.0 14160.0 108.0 84.0 in
1620.0 14160.0 188.0 88.0 her
1876.0 14156.0 688.0 100.0 schoolroom,
2636.0 14156.0 176.0 88.0 the
2876.0 14152.0 168.0 88.0 old

756.0 14296.0 256.0 96.0 days
1072.0 14296.0 204.0 88.0 had
1336.0 14296.0 304.0 84.0 flown
1700.0 14292.0 220.0 88.0 Into
1980.0 14296.0 276.0 84.0 their
2316.0 14316.0 380.0 80.0 proper
2756.0 14296.0 296.0 100.0 place

760.0 14436.0 200.0 84.0 and
1012.0 14432.0 216.0 84.0 size
1276.0 14432.0 108.0 88.0 tn
1432.0 14432.0 180.0 88.0 the
1664.0 14432.0 688.0 100.0 perspective.

888.0 14580.0 512.0 104.0 "They've
1536.0 14580.0 304.0 92.0 made
1976.0 14608.0 132.0 64.0 an
2248.0 14580.0 432.0 104.0 arrest,"
2824.0 14580.0 224.0 88.0 said

756.0 14720.0 328.0 104.0 Toye;
1184.0 14724.0 200.0 84.0 and
1468.0 14716.0 424.0 92.0 Cazalet
1968.0 14716.0 408.0 92.0 nodded
2460.0 14744.0 116.0 64.0 as
2656.0 14716.0 396.0 104.0 though

1412.0 15892.0 40.0 52.0 '

776.0 17936.0 260.0 92.0 "Mr.
1144.0 17936.0 512.0 104.0 Cazalet,"
1768.0 17940.0 236.0 84.0 Said
2116.0 17944.0 308.0 100.0 Toye,
2528.0 17944.0 92.0 84.0 "I
2736.0 17944.0 332.0 84.0 Guess

900.0 18072.0 216.0 84.0 You
1184.0 18072.0 312.0 84.0 Want
1556.0 18076.0 104.0 80.0 to
1732.0 18072.0 320.0 84.0 Know
2116.0 18076.0 308.0 84.0 What
2496.0 18076.0 164.0 88.0 I'm
2740.0 18076.0 320.0 104.0 Doing

904.0 18228.0 124.0 64.0 on
1108.0 18208.0 284.0 84.0 Your
1456.0 18208.0 436.0 84.0 Track."

772.0 18428.0 136.0 88.0 he
1000.0 18428.0 200.0 92.0 had
1296.0 18432.0 280.0 100.0 quite
1668.0 18436.0 504.0 100.0 expected
2268.0 18436.0 104.0 100.0 It,
2472.0 18436.0 332.0 88.0 which
2904.0 18440.0 164.0 80.0 set

772.0 18564.0 468.0 88.0 Blanche
1304.0 18568.0 144.0 84.0 off
1512.0 18568.0 348.0 100.0 trying
1924.0 18576.0 104.0 80.0 to
2096.0 18572.0 584.0 84.0 remember
2748.0 18592.0 288.0 64.0 some-

776.0 18700.0 304.0 104.0 thing
1140.0 18704.0 128.0 88.0 he
1336.0 18708.0 200.0 84.0 had
1608.0 18704.0 224.0 84.0 said
1900.0 18712.0 108.0 80.0 at
2068.0 18708.0 180.0 84.0 the
2312.0 18708.0 300.0 84.0 other
2680.0 18708.0 372.0 96.0 house;

776.0 18836.0 188.0 92.0 but
1044.0 18840.0 184.0 88.0 she
1308.0 18840.0 200.0 84.0 had
1588.0 18848.0 180.0 80.0 not
1848.0 18844.0 572.0 84.0 succeeded
2500.0 18844.0 300.0 84.0 when
2884.0 18844.0 184.0 80.0 she

776.0 18976.0 420.0 88.0 noticed
1268.0 18980.0 176.0 80.0 the
1516.0 18976.0 420.0 88.0 curious
2012.0 18980.0 328.0 100.0 pallor
2408.0 18980.0 112.0 84.0 of
2588.0 18980.0 164.0 84.0 his
2824.0 18976.0 240.0 88.0 chin

776.0 19112.0 204.0 88.0 and
1044.0 19112.0 524.0 88.0 forehead.

908.0 19264.0 632.0 88.0 "Scruton?"
1596.0 19268.0 132.0 84.0 he
1784.0 19264.0 224.0 100.0 just
2064.0 19264.0 356.0 92.0 asked.

908.0 19412.0 296.0 96.0 "Yes.
1276.0 19412.0 188.0 84.0 sir!
1612.0 19412.0 252.0 88.0 This
1932.0 19416.0 572.0 100.0 morning,"
2568.0 19412.0 228.0 88.0 said
2864.0 19412.0 172.0 84.0 Hil-

780.0 19552.0 184.0 88.0 ton
1040.0 19548.0 308.0 100.0 Toye.

908.0 19696.0 284.0 88.0 "You
1292.0 19700.0 280.0 92.0 don't
1672.0 19724.0 304.0 64.0 mean
2072.0 19704.0 184.0 88.0 the
2352.0 19728.0 252.0 76.0 poor
2700.0 19700.0 368.0 88.0 man?"

780.0 19836.0 284.0 88.0 cried
1124.0 19840.0 492.0 96.0 Blanche,
1672.0 19840.0 424.0 100.0 looking
2148.0 19840.0 268.0 84.0 from
2476.0 19860.0 196.0 68.0 one
2732.0 19844.0 104.0 80.0 to
2896.0 19840.0 172.0 88.0 the

780.0 19972.0 336.0 92.0 other.

912.0 20120.0 296.0 100.0 "Yes,
1284.0 20124.0 128.0 84.0 he
1484.0 20120.0 340.0 100.0 does,"
1900.0 20120.0 224.0 88.0 said
2204.0 20124.0 420.0 88.0 Cazalet
2700.0 20128.0 336.0 100.0 gloom-

780.0 20260.0 176.0 100.0 ily.
1076.0 20260.0 160.0 88.0 He
1296.0 20256.0 352.0 88.0 stared
1712.0 20264.0 176.0 80.0 out
1944.0 20264.0 104.0 80.0 at
2108.0 20260.0 176.0 88.0 the
2340.0 20264.0 308.0 96.0 river,
2708.0 20264.0 364.0 96.0 seeing

780.0 20396.0 444.0 100.0 nothing
1292.0 20396.0 100.0 84.0 in
1456.0 20396.0 164.0 88.0 his
1680.0 20404.0 272.0 92.0 turn,
2012.0 20400.0 392.0 96.0 though
2468.0 20420.0 196.0 64.0 one
2728.0 20400.0 108.0 84.0 of
2896.0 20404.0 176.0 80.0 the

788.0 20532.0 424.0 100.0 anglers
1320.0 20552.0 212.0 64.0 was
1632.0 20528.0 456.0 104.0 actually
2192.0 20532.0 260.0 100.0 busy
2556.0 20540.0 244.0 80.0 with
2908.0 20536.0 164.0 84.0 his

784.0 20672.0 252.0 84.0 reel.

924.0 20808.0 260.0 84.0 "But
1296.0 20804.0 32.0 84.0 I
1444.0 20808.0 444.0 100.0 thought
2000.0 20808.0 184.0 92.0 Mr.
2304.0 20808.0 440.0 88.0 Scruton
2864.0 20832.0 212.0 64.0 was

780.0 20944.0 224.0 92.0 still
1140.0 20940.0 48.0 36.0 "
1320.0 20944.0 460.0 84.0 Blanche
1844.0 20944.0 712.0 88.0 remembered
2624.0 20948.0 240.0 92.0 him,
2936.0 20968.0 108.0 64.0 re-

788.0 21080.0 600.0 84.0 membered
1464.0 21080.0 448.0 100.0 dancing
1980.0 21080.0 248.0 88.0 with
2300.0 21080.0 256.0 104.0 him;
2644.0 21084.0 188.0 84.0 she
2904.0 21084.0 164.0 84.0 did

784.0 21224.0 188.0 84.0 not
1028.0 21216.0 204.0 88.0 like
1284.0 21224.0 104.0 80.0 to
1444.0 21236.0 216.0 76.0 say,
1712.0 21216.0 160.0 84.0 "in
1928.0 21216.0 444.0 104.0 prison."

920.0 21376.0 220.0 84.0 "He
1200.0 21396.0 288.0 64.0 came
1544.0 21380.0 180.0 80.0 out
1776.0 21376.0 176.0 88.0 the
2008.0 21376.0 300.0 88.0 other
2364.0 21380.0 284.0 96.0 day,"
2708.0 21384.0 364.0 100.0 sighed

792.0 21512.0 448.0 92.0 Cazalet.
1380.0 21512.0 256.0 88.0 "But
1708.0 21512.0 228.0 84.0 how
2008.0 21512.0 204.0 88.0 like
2284.0 21516.0 176.0 84.0 the
2536.0 21516.0 328.0 104.0 police
2936.0 21520.0 136.0 84.0 all

788.0 21652.0 296.0 88.0 over!
1248.0 21648.0 252.0 88.0 Give
1588.0 21672.0 64.0 64.0 a
1740.0 21652.0 196.0 100.0 dog
2020.0 21672.0 64.0 64.0 a
2168.0 21648.0 196.0 88.0 bad
2452.0 21676.0 332.0 72.0 name,
2872.0 21656.0 196.0 84.0 and

792.0 21796.0 276.0 80.0 trust
1140.0 21784.0 280.0 88.0 them
1492.0 21792.0 104.0 80.0 to
1664.0 21788.0 260.0 84.0 hunt
1992.0 21788.0 80.0 84.0 it
2140.0 21788.0 296.0 84.0 down
2504.0 21792.0 196.0 84.0 and
2772.0 21792.0 300.0 84.0 shoot

788.0 21920.0 92.0 92.0 it
948.0 21932.0 112.0 76.0 at
1136.0 21920.0 404.0 104.0 sight!"

924.0 22060.0 96.0 84.0 "I
1076.0 22056.0 312.0 104.0 judge
1444.0 22060.0 168.0 84.0 it's
1668.0 22064.0 176.0 80.0 not
1900.0 22080.0 112.0 68.0 so
2068.0 22060.0 200.0 84.0 bad
2324.0 22080.0 116.0 68.0 as
2496.0 22064.0 132.0 84.0 all
2688.0 22068.0 224.0 84.0 that
2976.0 22064.0 96.0 84.0 In

796.0 22196.0 216.0 88.0 this
1176.0 22196.0 528.0 100.0 country,"
1876.0 22196.0 224.0 88.0 said
2236.0 22196.0 356.0 88.0 Hilton
2768.0 22204.0 308.0 96.0 Toye.

796.0 22332.0 420.0 92.0 "That's
1312.0 22356.0 284.0 68.0 more
1700.0 22332.0 204.0 88.0 like
2004.0 22336.0 176.0 88.0 the
2280.0 22336.0 328.0 100.0 police
2708.0 22340.0 364.0 96.0 theory

3128.0 3804.0 320.0 96.0 about
3540.0 3804.0 476.0 100.0 Scruton,
4112.0 3808.0 32.0 80.0 I
4240.0 3828.0 344.0 76.0 guess,
4680.0 3804.0 188.0 84.0 bar
4956.0 3804.0 472.0 100.0 drawing

3128.0 3944.0 176.0 84.0 the
3368.0 3940.0 360.0 88.0 bead."

3260.0 4076.0 392.0 84.0 "When
3752.0 4068.0 172.0 96.0 did
4024.0 4096.0 200.0 84.0 you
4324.0 4080.0 252.0 84.0 hear
4676.0 4076.0 108.0 84.0 of
4884.0 4072.0 204.0 88.0 It?"
5196.0 4068.0 224.0 92.0 said

3132.0 4212.0 448.0 88.0 Cazalet.

3260.0 4352.0 152.0 84.0 "It
3492.0 4372.0 216.0 64.0 was
3792.0 4376.0 132.0 64.0 on
4012.0 4348.0 180.0 88.0 the
4284.0 4356.0 240.0 96.0 tape
4612.0 4356.0 108.0 80.0 at
4808.0 4348.0 180.0 84.0 the
5080.0 4348.0 340.0 92.0 Savoy

3132.0 4488.0 300.0 88.0 when
3512.0 4488.0 32.0 84.0 I
3628.0 4492.0 180.0 96.0 got
3880.0 4492.0 324.0 84.0 there.
4352.0 4488.0 136.0 84.0 So
4572.0 4484.0 36.0 84.0 I
4692.0 4484.0 300.0 88.0 made
5072.0 4504.0 132.0 60.0 an
5284.0 4480.0 108.0 84.0 in-

3132.0 4624.0 324.0 100.0 quiry,
3532.0 4624.0 200.0 88.0 and
3812.0 4624.0 36.0 84.0 I
3924.0 4628.0 396.0 96.0 figured
4392.0 4628.0 108.0 84.0 to
4572.0 4620.0 240.0 88.0 look
4884.0 4620.0 104.0 84.0 in
5060.0 4624.0 108.0 80.0 at
5244.0 4616.0 176.0 88.0 the

3132.0 4760.0 524.0 104.0 Kingston
3760.0 4764.0 316.0 88.0 Court
4176.0 4784.0 132.0 60.0 on
4412.0 4780.0 168.0 76.0 my
4684.0 4776.0 224.0 80.0 way
5008.0 4764.0 108.0 80.0 to
5220.0 4752.0 200.0 84.0 call

3132.0 4920.0 272.0 80.0 upon
3492.0 4900.0 264.0 88.0 Miss
3840.0 4900.0 492.0 84.0 Blanche.
4484.0 4896.0 220.0 88.0 You
4792.0 4912.0 208.0 80.0 see,
5084.0 4888.0 36.0 88.0 I
5204.0 4908.0 216.0 64.0 was

3128.0 5036.0 252.0 88.0 kind
3440.0 5040.0 112.0 84.0 of
3608.0 5036.0 576.0 88.0 interested
4252.0 5036.0 104.0 84.0 in
4416.0 5032.0 140.0 88.0 all
4620.0 5028.0 296.0 104.0 you'd
4980.0 5024.0 216.0 92.0 told
5256.0 5044.0 168.0 68.0 me

3128.0 5172.0 320.0 88.0 about
3504.0 5180.0 176.0 88.0 the
3736.0 5176.0 332.0 84.0 case."

3260.0 5312.0 452.0 88.0 "Well?"

3260.0 5444.0 356.0 104.0 "Well,
3668.0 5448.0 236.0 88.0 that
3956.0 5468.0 216.0 68.0 was
4228.0 5468.0 168.0 80.0 my
4460.0 5444.0 196.0 88.0 end
4716.0 5444.0 112.0 88.0 of
4876.0 5444.0 180.0 84.0 the
5112.0 5436.0 284.0 88.0 situa-

3128.0 5580.0 252.0 92.0 tion.
3504.0 5588.0 144.0 84.0 As
3712.0 5588.0 240.0 84.0 luck
4016.0 5584.0 200.0 84.0 and
4280.0 5584.0 744.0 96.0 management
5084.0 5572.0 336.0 88.0 would

3132.0 5720.0 268.0 88.0 have
3456.0 5720.0 80.0 92.0 it
3588.0 5724.0 472.0 88.0 between
4116.0 5720.0 316.0 100.0 them,
4488.0 5720.0 36.0 84.0 I
4580.0 5740.0 216.0 64.0 was
4848.0 5716.0 100.0 88.0 In
5008.0 5716.0 256.0 84.0 time
5316.0 5712.0 104.0 84.0 to

3132.0 5860.0 256.0 84.0 hear
3452.0 5880.0 256.0 80.0 your
3772.0 5884.0 240.0 60.0 man
4148.0 5860.0 48.0 36.0 "

3260.0 5996.0 264.0 88.0 "Not
3584.0 6020.0 172.0 80.0 my
3816.0 6016.0 272.0 80.0 man,
4152.0 5992.0 396.0 108.0 please!
4692.0 5992.0 224.0 84.0 You
4976.0 5984.0 448.0 100.0 thought

3132.0 6132.0 108.0 88.0 of
3300.0 6136.0 212.0 84.0 him
3576.0 6132.0 556.0 104.0 yourself,"
4192.0 6136.0 228.0 84.0 said
4480.0 6128.0 428.0 92.0 Cazalet
4968.0 6124.0 456.0 100.0 sharply.

3260.0 6268.0 356.0 104.0 "Well,
3672.0 6292.0 468.0 80.0 anyway,
4192.0 6272.0 40.0 84.0 I
4284.0 6288.0 216.0 68.0 was
4552.0 6264.0 104.0 88.0 In
4708.0 6268.0 252.0 84.0 time
5012.0 6264.0 104.0 84.0 to
5172.0 6260.0 252.0 88.0 hear

3132.0 6404.0 180.0 88.0 the
3404.0 6408.0 684.0 104.0 proceedings
4180.0 6408.0 400.0 100.0 opened
4672.0 6404.0 420.0 100.0 against
5180.0 6396.0 240.0 88.0 him.

3136.0 6544.0 288.0 100.0 They
3484.0 6568.0 276.0 64.0 were
3820.0 6548.0 140.0 84.0 all
4020.0 6568.0 252.0 64.0 over
4332.0 6544.0 104.0 84.0 in
4496.0 6544.0 320.0 88.0 about
4876.0 6560.0 60.0 64.0 a
4996.0 6536.0 428.0 84.0 minute.

3132.0 6680.0 164.0 88.0 He
3360.0 6704.0 216.0 68.0 was
3640.0 6680.0 564.0 88.0 remanded
4268.0 6684.0 160.0 84.0 till
4488.0 6684.0 252.0 80.0 next
4796.0 6672.0 388.0 88.0 week."

3264.0 6820.0 316.0 84.0 "How
3648.0 6820.0 168.0 84.0 did
3880.0 6820.0 132.0 88.0 he
4080.0 6820.0 360.0 84.0 look?"
4508.0 6816.0 236.0 100.0 and,
4812.0 6808.0 296.0 88.0 "Had
5168.0 6804.0 132.0 92.0 he
5368.0 6828.0 60.0 64.0 a

3132.0 6952.0 452.0 88.0 beard?"
3796.0 6956.0 580.0 88.0 demanded
4588.0 6948.0 424.0 92.0 Cazalet
5224.0 6940.0 204.0 92.0 and

3136.0 7096.0 460.0 84.0 Blanche
3656.0 7092.0 900.0 100.0 simultaneously.

3264.0 7240.0 220.0 92.0 "He
3572.0 7244.0 372.0 88.0 looked
4028.0 7244.0 212.0 84.0 like
4324.0 7264.0 68.0 68.0 a
4472.0 7240.0 224.0 88.0 sick
4776.0 7232.0 336.0 100.0 man,"
5200.0 7228.0 228.0 92.0 Bald

3136.0 7380.0 308.0 104.0 Toye,
3536.0 7384.0 248.0 84.0 with
3872.0 7380.0 596.0 100.0 something
4552.0 7396.0 284.0 64.0 more
4920.0 7372.0 256.0 88.0 than
5260.0 7368.0 168.0 88.0 his

3148.0 7520.0 300.0 84.0 usual
3568.0 7520.0 692.0 84.0 deliberation
4380.0 7520.0 104.0 80.0 in
4596.0 7512.0 596.0 100.0 answering
5304.0 7528.0 116.0 64.0 or

3136.0 7656.0 376.0 104.0 asking
3572.0 7656.0 568.0 100.0 questions.
4264.0 7652.0 300.0 100.0 "Yes,
4620.0 7652.0 264.0 84.0 Miss
4936.0 7644.0 492.0 96.0 Blanche,

3140.0 7792.0 128.0 88.0 he
3340.0 7796.0 200.0 84.0 had
3620.0 7820.0 56.0 60.0 a
3752.0 7792.0 316.0 88.0 beard
4140.0 7792.0 400.0 100.0 worthy
4612.0 7788.0 112.0 84.0 of
4788.0 7808.0 64.0 64.0 a
4920.0 7784.0 224.0 88.0 free
5216.0 7780.0 184.0 88.0 citi-

3140.0 7932.0 280.0 84.0 zen."
3268.0 8068.0 348.0 100.0 "They
3708.0 8068.0 144.0 88.0 let
3940.0 8068.0 288.0 88.0 them
4324.0 8084.0 280.0 84.0 grow
4696.0 8084.0 228.0 80.0 one,
5016.0 8056.0 80.0 88.0 if
5180.0 8060.0 252.0 96.0 they

3140.0 8204.0 236.0 104.0 like,
3440.0 8204.0 364.0 88.0 before
3860.0 8204.0 248.0 100.0 they
4164.0 8224.0 296.0 64.0 come
4512.0 8200.0 272.0 100.0 out,"
4848.0 8196.0 224.0 84.0 said
5132.0 8192.0 272.0 88.0 Caza-

3140.0 8344.0 176.0 96.0 let,
3372.0 8344.0 248.0 84.0 with
3676.0 8344.0 180.0 84.0 the
3908.0 8340.0 200.0 88.0 nod
4160.0 8344.0 112.0 84.0 of
4320.0 8336.0 644.0 100.0 knowledge.

3268.0 8488.0 352.0 88.0 "Then
3704.0 8492.0 36.0 84.0 I
3820.0 8508.0 316.0 84.0 guess
4212.0 8488.0 132.0 88.0 he
4420.0 8508.0 220.0 68.0 was
4720.0 8508.0 64.0 64.0 a
4860.0 8480.0 252.0 92.0 wise
5192.0 8504.0 240.0 64.0 man

3140.0 8636.0 184.0 80.0 not
3424.0 8636.0 108.0 80.0 to
3632.0 8628.0 244.0 88.0 take
3976.0 8628.0 84.0 88.0 it
4156.0 8624.0 232.0 100.0 off,"
4492.0 8620.0 472.0 100.0 rejoined
5068.0 8620.0 364.0 84.0 Hilton

3144.0 8768.0 308.0 96.0 Toye.
3580.0 8764.0 332.0 88.0 "That
3968.0 8764.0 340.0 84.0 would
4368.0 8760.0 244.0 104.0 only
4676.0 8756.0 536.0 108.0 prejudice
5268.0 8756.0 164.0 84.0 his

3144.0 8924.0 272.0 80.0 case,
3472.0 8904.0 84.0 84.0 if
3612.0 8904.0 168.0 88.0 it's
3840.0 8900.0 312.0 104.0 going
4208.0 8904.0 104.0 84.0 to
4364.0 8900.0 128.0 84.0 be
4544.0 8920.0 200.0 64.0 one
4796.0 8900.0 112.0 84.0 of
4956.0 8892.0 480.0 100.0 identity,

3144.0 9044.0 248.0 84.0 with
3472.0 9044.0 228.0 84.0 that
3768.0 9040.0 272.0 88.0 head
4116.0 9036.0 516.0 104.0 gardener
4704.0 9032.0 424.0 108.0 playing
5204.0 9028.0 228.0 88.0 lead

3144.0 9180.0 104.0 88.0 In
3304.0 9180.0 180.0 84.0 the
3544.0 9172.0 880.0 92.0 witness-stand."

3272.0 9324.0 252.0 88.0 "Old
3692.0 9320.0 528.0 104.0 Savage!"
4388.0 9320.0 428.0 88.0 snorted
4984.0 9316.0 452.0 88.0 Cazalet.

3148.0 9460.0 356.0 104.0 "Why,
3584.0 9464.0 132.0 84.0 he
3792.0 9484.0 216.0 64.0 was
4088.0 9480.0 60.0 64.0 a
4224.0 9456.0 372.0 88.0 dotard
4676.0 9456.0 104.0 84.0 in
4860.0 9476.0 188.0 68.0 our
5124.0 9456.0 300.0 100.0 time;

3152.0 9604.0 244.0 100.0 they
3472.0 9600.0 460.0 88.0 couldn't
4004.0 9600.0 284.0 100.0 hang
4364.0 9620.0 60.0 64.0 a
4504.0 9596.0 200.0 100.0 dog
4784.0 9616.0 132.0 64.0 on
5000.0 9592.0 164.0 88.0 his
5240.0 9592.0 172.0 88.0 evi-

3148.0 9736.0 448.0 88.0 dence!"
3296.0 9872.0 392.0 104.0 "Still,"
3804.0 9872.0 228.0 88.0 Bald
4148.0 9872.0 496.0 96.0 Blanche,
4760.0 9868.0 200.0 88.0 "I'd
5076.0 9864.0 364.0 88.0 rather

3144.0 10016.0 272.0 84.0 have
3496.0 10012.0 80.0 96.0 it
3652.0 10016.0 256.0 84.0 than
3988.0 10008.0 840.0 88.0 circumstantial
4912.0 10004.0 532.0 100.0 evidence,

3148.0 10148.0 496.0 88.0 wouldn't
3704.0 10168.0 232.0 80.0 you,
3996.0 10148.0 192.0 84.0 Mr.
4248.0 10144.0 408.0 100.0 Toye?"

3280.0 10304.0 244.0 100.0 "No,
3588.0 10304.0 264.0 84.0 Miss
3912.0 10300.0 492.0 100.0 Blanche,
4464.0 10296.0 32.0 88.0 I
4564.0 10296.0 336.0 88.0 would
4964.0 10292.0 276.0 104.0 not,"
5300.0 10316.0 120.0 64.0 re-

3148.0 10440.0 280.0 104.0 plied
3500.0 10440.0 312.0 96.0 Toye,
3892.0 10436.0 252.0 88.0 with
4220.0 10436.0 728.0 96.0 unhesitating
5024.0 10432.0 420.0 88.0 candor.

3152.0 10576.0 280.0 88.0 "The
3508.0 10580.0 320.0 84.0 worst
3896.0 10568.0 508.0 88.0 evidence
4480.0 10572.0 104.0 84.0 in
4660.0 10572.0 176.0 88.0 the
4908.0 10568.0 352.0 100.0 world,
5340.0 10568.0 104.0 84.0 in

3148.0 10736.0 172.0 80.0 my
3384.0 10712.0 456.0 100.0 opinion,
3908.0 10708.0 200.0 88.0 and
4176.0 10708.0 204.0 88.0 I've
4444.0 10708.0 308.0 100.0 given
4816.0 10708.0 184.0 84.0 the
5060.0 10708.0 388.0 84.0 matter

3156.0 10872.0 288.0 64.0 some
3512.0 10848.0 468.0 100.0 thought,
4048.0 10848.0 92.0 84.0 is
4196.0 10844.0 184.0 88.0 the
4444.0 10844.0 500.0 88.0 evidence
5004.0 10844.0 108.0 84.0 of
5172.0 10840.0 244.0 88.0 iden-

3152.0 10984.0 288.0 104.0 tity."
3572.0 10984.0 160.0 84.0 He
3800.0 10984.0 380.0 88.0 turned
4244.0 10988.0 108.0 80.0 to
4420.0 10980.0 456.0 100.0 Cazalet,
4944.0 10980.0 228.0 88.0 who
5240.0 10976.0 204.0 92.0 had

3152.0 11120.0 500.0 100.0 betrayed
3740.0 11140.0 64.0 64.0 a
3892.0 11120.0 576.0 100.0 quickened
4556.0 11120.0 448.0 92.0 interest
5088.0 11116.0 104.0 84.0 in
5284.0 11120.0 164.0 84.0 his

3152.0 11260.0 352.0 84.0 views.
3636.0 11256.0 352.0 88.0 "Shall
4056.0 11256.0 36.0 84.0 I
4160.0 11256.0 184.0 84.0 tell
4400.0 11276.0 208.0 80.0 you
4680.0 11252.0 296.0 104.0 why?
5104.0 11256.0 348.0 84.0 Think

3152.0 11396.0 232.0 84.0 how
3468.0 11396.0 288.0 84.0 often
3844.0 11392.0 352.0 104.0 you're
4280.0 11396.0 188.0 84.0 not
4552.0 11412.0 112.0 68.0 so
4752.0 11412.0 248.0 64.0 sure
5088.0 11392.0 80.0 88.0 if
5248.0 11412.0 200.0 80.0 you

3152.0 11536.0 268.0 84.0 have
3476.0 11552.0 248.0 64.0 seen
3780.0 11552.0 60.0 64.0 a
3892.0 11552.0 244.0 64.0 man
4176.0 11528.0 364.0 88.0 before
4576.0 11552.0 116.0 64.0 or
4744.0 11528.0 84.0 88.0 if
4876.0 11548.0 196.0 80.0 you
5124.0 11552.0 328.0 64.0 never

3156.0 11664.0 312.0 88.0 have!
3620.0 11668.0 224.0 88.0 You
3916.0 11668.0 248.0 84.0 kind
4244.0 11668.0 112.0 88.0 of
4428.0 11668.0 368.0 84.0 shrink
4868.0 11668.0 268.0 84.0 from
5212.0 11664.0 204.0 88.0 nod-

3100.0 11856.0 8.0 52.0 i
3156.0 11804.0 276.0 100.0 ding,
3512.0 11828.0 116.0 64.0 or
3680.0 11804.0 252.0 84.0 .else
4016.0 11824.0 196.0 80.0 you
4292.0 11808.0 204.0 80.0 nod
4584.0 11824.0 404.0 80.0 wrong;
5084.0 11804.0 84.0 84.0 if
5252.0 11824.0 188.0 80.0 you

3164.0 11936.0 328.0 88.0 didn't
3600.0 11960.0 244.0 64.0 ever
3948.0 11940.0 264.0 88.0 have
4320.0 11940.0 236.0 88.0 that
4664.0 11940.0 424.0 100.0 feeling,
5192.0 11940.0 256.0 84.0 then

3156.0 12072.0 352.0 104.0 you're
3560.0 12084.0 180.0 80.0 not
3792.0 12076.0 212.0 84.0 like
4056.0 12096.0 204.0 80.0 any
4308.0 12080.0 308.0 84.0 other
4664.0 12100.0 244.0 64.0 man
4960.0 12076.0 40.0 88.0 I
5052.0 12072.0 396.0 88.0 know."

3284.0 12216.0 100.0 88.0 "I
3460.0 12220.0 392.0 88.0 have!"
3936.0 12220.0 280.0 92.0 cried
4304.0 12224.0 452.0 88.0 Cazalet.
4900.0 12220.0 264.0 88.0 "I've
5248.0 12220.0 204.0 92.0 had

3160.0 12356.0 80.0 84.0 it
3312.0 12356.0 140.0 88.0 all
3528.0 12376.0 168.0 80.0 my
3772.0 12356.0 216.0 100.0 life,
4060.0 12380.0 264.0 64.0 even
4396.0 12360.0 108.0 84.0 In
4576.0 12360.0 184.0 88.0 the
4832.0 12360.0 348.0 108.0 wilds;
5268.0 12360.0 184.0 88.0 but

3160.0 12492.0 36.0 84.0 I
3268.0 12512.0 324.0 68.0 never
3660.0 12496.0 448.0 100.0 thought
4172.0 12500.0 112.0 84.0 of
4348.0 12500.0 88.0 84.0 it
4504.0 12496.0 452.0 88.0 before."

3288.0 12632.0 400.0 88.0 "Think
3760.0 12640.0 112.0 84.0 of
3944.0 12640.0 80.0 84.0 it
4096.0 12644.0 324.0 96.0 now,"
4496.0 12644.0 228.0 88.0 said
4800.0 12644.0 308.0 104.0 Toye,
5192.0 12644.0 260.0 88.0 "and

3160.0 12768.0 308.0 100.0 you'll
3552.0 12796.0 176.0 64.0 see
3812.0 12776.0 296.0 92.0 there
4188.0 12800.0 236.0 80.0 may
4504.0 12780.0 128.0 84.0 be
4716.0 12780.0 292.0 92.0 flaws
5088.0 12784.0 100.0 84.0 in
5272.0 12784.0 180.0 92.0 the

3164.0 12904.0 236.0 92.0 best
3480.0 12912.0 496.0 88.0 evidence
4056.0 12916.0 108.0 84.0 of
4244.0 12916.0 444.0 104.0 identity
4772.0 12920.0 232.0 88.0 that
5080.0 12944.0 372.0 76.0 money

3160.0 13064.0 196.0 64.0 can
3420.0 13044.0 232.0 104.0 buy.
3784.0 13048.0 204.0 88.0 But
4052.0 13048.0 836.0 92.0 circumstantial
4956.0 13056.0 500.0 88.0 evidence

3168.0 13180.0 276.0 88.0 can't
3544.0 13184.0 168.0 100.0 lie,
3820.0 13184.0 264.0 88.0 Miss
4192.0 13188.0 492.0 104.0 Blanche,
4792.0 13192.0 84.0 84.0 if
4976.0 13212.0 200.0 80.0 you
5280.0 13204.0 176.0 92.0 get

3164.0 13320.0 412.0 100.0 enough
3660.0 13320.0 112.0 88.0 of
3852.0 13324.0 112.0 84.0 It.
4112.0 13324.0 92.0 88.0 If
4284.0 13324.0 180.0 88.0 the
4552.0 13328.0 276.0 88.0 links
4916.0 13332.0 124.0 84.0 fit
5124.0 13332.0 136.0 100.0 in,
5348.0 13336.0 104.0 84.0 to

3168.0 13472.0 316.0 80.0 prove
3556.0 13460.0 232.0 84.0 that
3856.0 13480.0 64.0 64.0 a
3992.0 13460.0 404.0 88.0 certain
4472.0 13484.0 384.0 84.0 person
4928.0 13488.0 216.0 68.0 was
5216.0 13472.0 108.0 84.0 in
5396.0 13492.0 64.0 64.0 a

3164.0 13592.0 400.0 84.0 certain
3620.0 13596.0 296.0 100.0 place
3972.0 13600.0 112.0 84.0 at
4132.0 13620.0 64.0 68.0 a
4244.0 13604.0 404.0 84.0 certain
4704.0 13604.0 280.0 100.0 time,
5048.0 13604.0 36.0 84.0 I
5140.0 13628.0 316.0 80.0 guess

3164.0 13728.0 320.0 88.0 that's
3568.0 13736.0 332.0 84.0 worth
3988.0 13736.0 136.0 84.0 all
4208.0 13736.0 180.0 88.0 the
4472.0 13740.0 312.0 88.0 oaths
4868.0 13744.0 108.0 84.0 of
5056.0 13744.0 136.0 84.0 all
5276.0 13748.0 180.0 80.0 the

3164.0 13864.0 784.0 100.0 eye-witnesses
4004.0 13872.0 236.0 84.0 that
4296.0 13896.0 248.0 64.0 ever
4592.0 13896.0 212.0 64.0 saw
4864.0 13876.0 592.0 104.0 daylight!"

3292.0 14016.0 424.0 92.0 Cazalet
3796.0 14020.0 452.0 100.0 laughed
4332.0 14024.0 460.0 104.0 harshly,
4876.0 14052.0 120.0 64.0 as
5080.0 14032.0 164.0 88.0 for
5328.0 14052.0 128.0 64.0 no

3164.0 14156.0 516.0 96.0 apparent
3756.0 14176.0 376.0 68.0 reason
4212.0 14160.0 136.0 92.0 he
4428.0 14164.0 160.0 84.0 led
4672.0 14168.0 176.0 84.0 the
4932.0 14188.0 224.0 80.0 way
5240.0 14168.0 220.0 88.0 Into

3168.0 14292.0 176.0 84.0 the
3400.0 14288.0 420.0 100.0 garden.
3948.0 14296.0 248.0 88.0 "Mr.
4252.0 14300.0 368.0 100.0 Toye's
4672.0 14304.0 304.0 88.0 made
5032.0 14328.0 64.0 64.0 a
5152.0 14308.0 304.0 96.0 study

3172.0 14428.0 108.0 84.0 of
3376.0 14428.0 304.0 88.0 these
3780.0 14428.0 452.0 104.0 things,"
4340.0 14436.0 132.0 84.0 he
4576.0 14436.0 256.0 88.0 fired
4940.0 14464.0 252.0 64.0 over
5292.0 14444.0 168.0 84.0 his

3168.0 14560.0 524.0 88.0 shoulder.
3860.0 14568.0 224.0 88.0 "He
4184.0 14568.0 372.0 92.0 should
4660.0 14576.0 268.0 88.0 have
5028.0 14576.0 264.0 88.0 been
5400.0 14600.0 60.0 64.0 a

3168.0 14696.0 508.0 92.0 Sherlock
3768.0 14700.0 468.0 108.0 Holmes,
4328.0 14712.0 204.0 88.0 and
4624.0 14716.0 360.0 84.0 rather
5076.0 14716.0 384.0 88.0 wishes

3168.0 14836.0 128.0 84.0 he
3356.0 14860.0 212.0 64.0 was
3624.0 14840.0 320.0 84.0 one!"

3300.0 14968.0 312.0 92.0 "Give
3700.0 14996.0 168.0 68.0 me
3960.0 14976.0 344.0 104.0 time,"
4396.0 14984.0 228.0 84.0 said
4712.0 14984.0 312.0 104.0 Toye,
5116.0 14988.0 312.0 104.0 laugh-

3172.0 15108.0 204.0 100.0 ing.
3548.0 15112.0 96.0 84.0 "I
3748.0 15132.0 236.0 80.0 may
4088.0 15136.0 292.0 68.0 come
4488.0 15124.0 308.0 104.0 along
4904.0 15128.0 232.0 88.0 that
5236.0 15148.0 224.0 80.0 way

3168.0 15248.0 264.0 96.0 yet."

3296.0 15380.0 428.0 92.0 Cazalet
3824.0 15388.0 304.0 88.0 faced
4232.0 15392.0 212.0 88.0 him
4548.0 15392.0 104.0 88.0 in
4756.0 15420.0 64.0 64.0 a
4920.0 15396.0 332.0 88.0 frame
5356.0 15400.0 108.0 88.0 of

3128.0 15504.0 468.0 112.0 'tangled
3680.0 15544.0 536.0 80.0 greenery.
4360.0 15528.0 284.0 88.0 "You
4724.0 15532.0 216.0 92.0 told
5020.0 15556.0 164.0 68.0 me
5264.0 15560.0 196.0 80.0 you

3176.0 15656.0 608.0 88.0 wouldn't!"

3300.0 15792.0 96.0 84.0 "I
3464.0 15796.0 204.0 96.0 did,
3732.0 15796.0 176.0 104.0 sir,
3972.0 15800.0 184.0 88.0 but
4220.0 15800.0 232.0 88.0 that
4516.0 15824.0 212.0 68.0 was
4792.0 15808.0 360.0 88.0 before
5216.0 15812.0 248.0 100.0 they

3176.0 15936.0 180.0 92.0 put
3452.0 15932.0 204.0 88.0 salt
3744.0 15956.0 132.0 64.0 on
3968.0 15936.0 212.0 84.0 this
4272.0 15960.0 252.0 80.0 poor
4612.0 15944.0 172.0 88.0 old
4876.0 15948.0 344.0 88.0 crook.
5380.0 15952.0 88.0 84.0 If

3176.0 16064.0 348.0 96.0 you're
3624.0 16068.0 304.0 100.0 right,
4028.0 16072.0 200.0 84.0 and
4320.0 16072.0 220.0 88.0 he's
4640.0 16084.0 180.0 80.0 not
4916.0 16084.0 176.0 84.0 the
5188.0 16108.0 272.0 76.0 man,

3176.0 16204.0 528.0 88.0 shouldn't
3780.0 16228.0 196.0 76.0 you
4056.0 16232.0 184.0 76.0 say
4316.0 16216.0 232.0 92.0 that
4628.0 16216.0 356.0 88.0 rather
5060.0 16220.0 400.0 92.0 altered

3176.0 16340.0 176.0 84.0 the
3420.0 16340.0 628.0 88.0 situation?"

3888.0 16620.0 628.0 88.0 CHAPTER
4584.0 16628.0 160.0 80.0 VI.

3768.0 16892.0 572.0 108.0 Voluntary
4428.0 16896.0 452.0 92.0 Service.

3308.0 17016.0 284.0 92.0 "And
3700.0 17024.0 228.0 96.0 why
4032.0 17024.0 124.0 88.0 do
4260.0 17048.0 196.0 80.0 you
4560.0 17032.0 300.0 88.0 think
4960.0 17036.0 132.0 88.0 he
5192.0 17040.0 280.0 92.0 can't

3180.0 17156.0 264.0 88.0 have
3496.0 17156.0 264.0 88.0 done
3816.0 17160.0 204.0 88.0 it?"

3308.0 17292.0 420.0 88.0 Cazalet
3804.0 17296.0 200.0 84.0 had
4084.0 17304.0 484.0 84.0 trundled
4644.0 17308.0 176.0 88.0 the
4896.0 17312.0 168.0 88.0 old
5140.0 17336.0 328.0 68.0 canoe

3188.0 17448.0 252.0 64.0 over
3552.0 17428.0 176.0 88.0 the
3840.0 17432.0 404.0 104.0 rollers,
4356.0 17444.0 204.0 80.0 and
4676.0 17444.0 464.0 96.0 Blanche
5252.0 17472.0 216.0 68.0 was

3188.0 17564.0 364.0 100.0 hardly
3660.0 17568.0 496.0 104.0 paddling
4256.0 17572.0 104.0 88.0 in
4464.0 17576.0 176.0 88.0 the
4744.0 17584.0 356.0 100.0 glassy
5204.0 17592.0 264.0 104.0 strip

3180.0 17700.0 544.0 100.0 alongside
3816.0 17704.0 176.0 88.0 the
4084.0 17704.0 276.0 88.0 weir.
4520.0 17712.0 348.0 88.0 Below
4964.0 17724.0 176.0 84.0 the
5236.0 17724.0 232.0 88.0 lock

3184.0 17836.0 296.0 88.0 there
3556.0 17836.0 204.0 88.0 had
3840.0 17840.0 260.0 88.0 been
4180.0 17848.0 596.0 104.0 something
4848.0 17860.0 104.0 84.0 to
5032.0 17860.0 156.0 100.0 do,
5264.0 17868.0 204.0 84.0 and

3184.0 17972.0 460.0 88.0 Blanche
3708.0 17976.0 200.0 84.0 had
3980.0 17980.0 264.0 84.0 done
4308.0 17980.0 80.0 88.0 it
4456.0 17984.0 328.0 104.0 deftly
4852.0 17992.0 200.0 84.0 and
5124.0 18000.0 316.0 84.0 silent-

3188.0 18108.0 128.0 100.0 ly,
3428.0 18112.0 248.0 84.0 with
3784.0 18112.0 384.0 88.0 almost
4272.0 18124.0 300.0 92.0 equal
4684.0 18128.0 476.0 108.0 capacity
5268.0 18136.0 200.0 88.0 and

3184.0 18264.0 336.0 80.0 grace.
3672.0 18248.0 88.0 84.0 It
3840.0 18248.0 200.0 88.0 had
4128.0 18252.0 304.0 100.0 given
4520.0 18256.0 188.0 92.0 her
4788.0 18288.0 60.0 64.0 a
4928.0 18264.0 540.0 112.0 charming

3188.0 18380.0 268.0 88.0 flush
3520.0 18384.0 204.0 84.0 and
3792.0 18384.0 464.0 108.0 sparkle;
4340.0 18392.0 232.0 100.0 and,
4636.0 18396.0 280.0 92.0 what
4980.0 18408.0 244.0 88.0 with
5292.0 18416.0 176.0 84.0 the

3188.0 18516.0 284.0 88.0 sun's
3560.0 18516.0 248.0 88.0 bare
3896.0 18524.0 276.0 88.0 hand
4260.0 18548.0 132.0 64.0 on
4484.0 18532.0 184.0 84.0 her
4752.0 18540.0 368.0 96.0 yellow
5212.0 18548.0 256.0 96.0 hair,

3184.0 18652.0 188.0 84.0 she
3444.0 18672.0 224.0 68.0 now
3740.0 18656.0 368.0 88.0 looked
4180.0 18684.0 260.0 64.0 even
4516.0 18668.0 432.0 92.0 bonnier
5012.0 18684.0 252.0 84.0 than
5336.0 18688.0 100.0 84.0 in-

3188.0 18788.0 340.0 96.0 doors,
3596.0 18796.0 172.0 92.0 yet
3828.0 18800.0 180.0 80.0 not
4076.0 18796.0 312.0 100.0 quite,
4452.0 18808.0 284.0 92.0 quite
4800.0 18816.0 256.0 88.0 such
5120.0 18840.0 64.0 64.0 a
5244.0 18824.0 224.0 100.0 girl.

3184.0 18920.0 204.0 88.0 But
3440.0 18920.0 244.0 92.0 then
3744.0 18948.0 312.0 80.0 every
4108.0 18932.0 152.0 88.0 bit
4312.0 18936.0 108.0 88.0 of
4468.0 18944.0 176.0 84.0 the
4700.0 18944.0 192.0 104.0 boy
4948.0 18952.0 200.0 88.0 had
5204.0 18980.0 268.0 80.0 gone

3184.0 19064.0 180.0 80.0 out
3452.0 19064.0 108.0 80.0 of
3648.0 19060.0 444.0 92.0 Cazalet.
4244.0 19072.0 136.0 88.0 So
4468.0 19076.0 232.0 88.0 that
4784.0 19088.0 260.0 84.0 hour
5128.0 19100.0 340.0 84.0 stolen

3192.0 19192.0 260.0 84.0 from
3524.0 19192.0 172.0 88.0 the
3768.0 19208.0 232.0 88.0 past
4064.0 19224.0 212.0 68.0 was
4344.0 19232.0 132.0 80.0 up
4540.0 19216.0 440.0 92.0 forever.

3324.0 19340.0 324.0 104.0 "Why
3720.0 19352.0 128.0 80.0 do
3916.0 19352.0 172.0 88.0 the
4160.0 19360.0 332.0 100.0 police
4564.0 19364.0 300.0 92.0 think
4928.0 19376.0 176.0 92.0 the
5176.0 19388.0 304.0 88.0 other

3188.0 19476.0 420.0 104.0 thing?"
3676.0 19484.0 124.0 84.0 he
3860.0 19496.0 488.0 84.0 retorted.
4480.0 19504.0 368.0 92.0 "What
4904.0 19516.0 268.0 88.0 have
5228.0 19524.0 240.0 100.0 they

3188.0 19620.0 176.0 92.0 got
3432.0 19624.0 108.0 80.0 to
3608.0 19640.0 128.0 80.0 go
3808.0 19620.0 196.0 88.0 on?
4136.0 19628.0 356.0 96.0 That's
4560.0 19644.0 280.0 88.0 what
4912.0 19652.0 28.0 80.0 I
5024.0 19664.0 276.0 80.0 want
5368.0 19672.0 104.0 76.0 to

3192.0 19748.0 328.0 88.0 know.
3576.0 19752.0 36.0 84.0 I
3668.0 19776.0 316.0 76.0 agree
4044.0 19760.0 240.0 92.0 with
4344.0 19772.0 276.0 100.0 Toye
4676.0 19780.0 100.0 88.0 in
4832.0 19808.0 200.0 68.0 one
5084.0 19796.0 388.0 100.0 thing."

3192.0 19884.0 456.0 88.0 Blanche
3704.0 19892.0 368.0 92.0 looked
4136.0 19924.0 128.0 80.0 up
4324.0 19912.0 440.0 104.0 quickly.
4824.0 19924.0 96.0 80.0 "I
4984.0 19932.0 488.0 92.0 wouldn't

3192.0 20024.0 272.0 88.0 trust
3548.0 20028.0 164.0 84.0 old
3808.0 20032.0 400.0 104.0 Savage
4292.0 20060.0 128.0 68.0 an
4508.0 20048.0 264.0 92.0 inch.
4924.0 20060.0 200.0 92.0 I've
5212.0 20068.0 256.0 92.0 been

3192.0 20160.0 484.0 104.0 thinking
3760.0 20168.0 316.0 92.0 about
4164.0 20176.0 204.0 88.0 him
4456.0 20200.0 200.0 76.0 and
4744.0 20196.0 160.0 84.0 his
4988.0 20212.0 484.0 88.0 previous

3200.0 20300.0 528.0 84.0 evidence.
3904.0 20304.0 148.0 88.0 Do
4160.0 20332.0 196.0 76.0 you
4472.0 20328.0 380.0 84.0 realize
4964.0 20336.0 228.0 92.0 that
5308.0 20348.0 164.0 84.0 it's

3196.0 20432.0 280.0 96.0 quite
3552.0 20436.0 252.0 84.0 dark
3880.0 20460.0 224.0 64.0 now
4184.0 20472.0 252.0 68.0 soon
4512.0 20464.0 272.0 84.0 after
4864.0 20480.0 384.0 84.0 seven?
5388.0 20488.0 88.0 84.0 It

3192.0 20588.0 212.0 60.0 was
3484.0 20576.0 344.0 96.0 pretty
3904.0 20580.0 284.0 84.0 thick
4268.0 20592.0 364.0 108.0 saying
4708.0 20604.0 160.0 88.0 his
4944.0 20632.0 236.0 68.0 man
5260.0 20640.0 212.0 64.0 was

3196.0 20700.0 684.0 108.0 bareheaded,
3960.0 20720.0 248.0 84.0 with
4284.0 20728.0 412.0 92.0 neither
4768.0 20740.0 180.0 88.0 hat
5024.0 20768.0 188.0 68.0 nor
5284.0 20776.0 192.0 84.0 cap

3196.0 20840.0 184.0 92.0 left
3468.0 20840.0 376.0 92.0 behind
3928.0 20856.0 104.0 80.0 to
4120.0 20876.0 312.0 80.0 prove
4516.0 20868.0 120.0 84.0 it!
4804.0 20876.0 196.0 92.0 Yet
5084.0 20908.0 228.0 64.0 now
5400.0 20892.0 72.0 84.0 it

3196.0 20996.0 344.0 64.0 seems
3628.0 20980.0 212.0 88.0 he's
3932.0 21000.0 180.0 88.0 put
4196.0 21020.0 56.0 60.0 a
4340.0 20996.0 316.0 96.0 beard
4748.0 21016.0 104.0 80.0 to
4944.0 21016.0 240.0 104.0 him,
5272.0 21028.0 200.0 84.0 and

3196.0 21120.0 244.0 80.0 next
3532.0 21136.0 152.0 64.0 we
3772.0 21120.0 264.0 88.0 shall
4132.0 21132.0 260.0 88.0 have
4484.0 21144.0 176.0 84.0 the
4748.0 21152.0 280.0 84.0 color
5116.0 21160.0 108.0 84.0 of
5316.0 21168.0 160.0 88.0 his

3196.0 21248.0 368.0 96.0 eyes!"

3332.0 21384.0 456.0 92.0 Blanche
3904.0 21392.0 444.0 104.0 laughed
4468.0 21420.0 108.0 80.0 at
4688.0 21420.0 164.0 84.0 his
4968.0 21428.0 292.0 104.0 vigor
5372.0 21440.0 108.0 80.0 of

3200.0 21520.0 420.0 100.0 phrase;
3732.0 21532.0 204.0 84.0 this
4032.0 21556.0 212.0 68.0 was
4336.0 21564.0 284.0 72.0 more
4716.0 21556.0 208.0 92.0 like
5012.0 21568.0 176.0 84.0 the
5276.0 21576.0 168.0 84.0 old

3196.0 21652.0 784.0 112.0 hot-tempered,
4068.0 21684.0 608.0 92.0 sometimes
4760.0 21700.0 360.0 92.0 rather
5200.0 21732.0 252.0 64.0 over-

3196.0 21792.0 428.0 104.0 bearing
3696.0 21796.0 388.0 112.0 Sweep.
4224.0 21816.0 616.0 116.0 Something
4908.0 21840.0 200.0 88.0 had
5176.0 21852.0 304.0 84.0 made

3208.0 21928.0 208.0 84.0 him
3476.0 21928.0 288.0 108.0 jump
3824.0 21944.0 112.0 76.0 to
3996.0 21944.0 176.0 88.0 the
4232.0 21956.0 604.0 96.0 conclusion
4900.0 21972.0 228.0 92.0 that
5192.0 21984.0 252.0 88.0 Scru-

3196.0 22068.0 176.0 80.0 ton
3440.0 22068.0 296.0 88.0 could
3800.0 22084.0 180.0 80.0 not
4044.0 22088.0 464.0 104.0 possibly
4576.0 22100.0 264.0 92.0 have
4904.0 22108.0 312.0 96.0 killed
5288.0 22124.0 160.0 84.0 Mr

3200.0 22200.0 432.0 104.0 Craven,
3712.0 22212.0 528.0 96.0 whatever
4316.0 22228.0 216.0 96.0 else
4612.0 22236.0 124.0 88.0 he
4812.0 22248.0 328.0 100.0 might
5216.0 22256.0 264.0 92.0 have

3196.0 22336.0 268.0 88.0 done
3544.0 22340.0 96.0 88.0 in
3732.0 22348.0 252.0 100.0 days
4068.0 22380.0 264.0 76.0 gone
4416.0 22364.0 156.0 104.0 by.
4724.0 22380.0 132.0 88.0 So
4940.0 22388.0 76.0 88.0 it
5100.0 22392.0 376.0 108.0 simply

5520.0 1384.0 212.0 64.0 was
5796.0 1360.0 636.0 100.0 impossible,
6488.0 1360.0 200.0 84.0 and
6752.0 1352.0 472.0 104.0 anybody
7288.0 1352.0 228.0 84.0 who
7568.0 1348.0 236.0 88.0 took

5524.0 1500.0 176.0 84.0 the
5780.0 1500.0 304.0 88.0 other
6164.0 1500.0 228.0 88.0 side
6472.0 1496.0 336.0 88.0 would
6892.0 1500.0 268.0 80.0 have
7244.0 1504.0 100.0 76.0 to
7432.0 1488.0 384.0 88.0 reckon

5524.0 1636.0 620.0 88.0 henceforth
6208.0 1640.0 248.0 84.0 with
6524.0 1640.0 364.0 96.0 Sweep
6952.0 1628.0 444.0 92.0 Cazalet.

5652.0 1776.0 192.0 84.0 Mr.
5900.0 1776.0 276.0 100.0 Toye
6236.0 1776.0 428.0 96.0 already
6724.0 1776.0 200.0 84.0 had
6988.0 1768.0 520.0 88.0 reckoned
7572.0 1760.0 244.0 84.0 with

5532.0 1912.0 240.0 100.0 him,
5860.0 1912.0 100.0 88.0 in
6040.0 1936.0 60.0 64.0 a
6180.0 1916.0 272.0 84.0 little
6532.0 1912.0 376.0 84.0 debate
6992.0 1908.0 336.0 100.0 begun
7412.0 1900.0 408.0 92.0 outside

5532.0 2052.0 176.0 88.0 the
5784.0 2052.0 168.0 84.0 old
6028.0 2072.0 460.0 64.0 summer
6560.0 2048.0 652.0 88.0 schoolroom
7292.0 2044.0 112.0 84.0 at
7472.0 2036.0 320.0 88.0 Little-

5536.0 2188.0 260.0 100.0 ford,
5888.0 2192.0 200.0 84.0 and
6188.0 2188.0 572.0 100.0 adjourned
6860.0 2184.0 360.0 88.0 rather
7308.0 2180.0 256.0 88.0 than
7664.0 2176.0 128.0 80.0 fin-

5536.0 2324.0 292.0 88.0 ished
5888.0 2332.0 112.0 80.0 at
6052.0 2328.0 176.0 84.0 the
6288.0 2328.0 220.0 84.0 iron
6572.0 2332.0 240.0 92.0 gate
6872.0 2324.0 212.0 84.0 into
7148.0 2320.0 172.0 88.0 the
7376.0 2312.0 280.0 88.0 road.
7720.0 2312.0 100.0 84.0 In

5536.0 2460.0 188.0 88.0 her
5792.0 2468.0 296.0 84.0 heart
6156.0 2464.0 112.0 88.0 of
6328.0 2464.0 360.0 84.0 hearts
6756.0 2460.0 460.0 88.0 Blanche
7284.0 2452.0 300.0 88.0 could
7652.0 2452.0 168.0 92.0 not

5540.0 2620.0 184.0 80.0 say
5804.0 2604.0 232.0 84.0 that
6116.0 2600.0 420.0 88.0 Cazalet
6616.0 2600.0 200.0 88.0 had
6900.0 2600.0 176.0 84.0 the
7156.0 2596.0 240.0 84.0 best
7472.0 2592.0 108.0 84.0 of
7656.0 2588.0 172.0 84.0 the

5540.0 2740.0 576.0 100.0 argument.
6248.0 2740.0 280.0 96.0 Toye
6600.0 2736.0 200.0 88.0 had
6872.0 2728.0 536.0 92.0 advanced
7480.0 2748.0 56.0 64.0 a
7604.0 2748.0 196.0 76.0 gen-

5540.0 2876.0 216.0 84.0 eral
5860.0 2876.0 504.0 104.0 principle
6456.0 2876.0 252.0 84.0 with
6800.0 2872.0 264.0 88.0 calm
7160.0 2868.0 396.0 100.0 ability,
7656.0 2864.0 172.0 84.0 but

5544.0 3008.0 424.0 92.0 Cazalet
6036.0 3012.0 300.0 92.0 could
6408.0 3020.0 180.0 80.0 not
6660.0 3012.0 124.0 88.0 be
6856.0 3004.0 388.0 92.0 shifted
7320.0 3008.0 264.0 84.0 from
7660.0 3000.0 168.0 88.0 the

5544.0 3152.0 568.0 100.0 particular
6180.0 3152.0 452.0 100.0 position
6696.0 3148.0 128.0 88.0 he
6892.0 3172.0 212.0 60.0 was
7172.0 3168.0 116.0 64.0 so
7356.0 3164.0 312.0 80.0 eager
7732.0 3144.0 96.0 80.0 to

5544.0 3284.0 412.0 104.0 defend,
6024.0 3292.0 204.0 80.0 and
6304.0 3288.0 332.0 88.0 would
6708.0 3284.0 240.0 104.0 only
7020.0 3288.0 300.0 80.0 enter
7388.0 3280.0 220.0 88.0 Into
7676.0 3276.0 132.0 88.0 ab-

5548.0 3432.0 332.0 80.0 stract
5972.0 3428.0 540.0 96.0 questions
6600.0 3432.0 108.0 80.0 to
6796.0 3424.0 200.0 104.0 beg
7088.0 3420.0 284.0 88.0 them
7460.0 3420.0 180.0 84.0 out
7732.0 3416.0 96.0 84.0 of

5544.0 3564.0 304.0 84.0 hand.

5664.0 3696.0 464.0 92.0 Blanche
6196.0 3700.0 360.0 88.0 rather
6616.0 3700.0 448.0 96.0 thought
7132.0 3696.0 228.0 84.0 that
7424.0 3688.0 408.0 92.0 neither

5544.0 3836.0 280.0 96.0 quite
5980.0 3832.0 636.0 88.0 understood
6776.0 3836.0 280.0 84.0 what
7208.0 3832.0 176.0 84.0 the
7536.0 3832.0 292.0 84.0 other

5540.0 3980.0 400.0 92.0 meant;
6052.0 3976.0 184.0 84.0 but
6328.0 3976.0 184.0 84.0 she
6608.0 3972.0 300.0 88.0 could
7000.0 3976.0 184.0 84.0 not
7276.0 3968.0 288.0 84.0 blink
7656.0 3968.0 180.0 84.0 the

5540.0 4108.0 216.0 88.0 fact
5808.0 4112.0 228.0 88.0 that
6092.0 4112.0 176.0 84.0 the
6316.0 4112.0 168.0 84.0 old
6540.0 4108.0 340.0 88.0 friend
6932.0 4108.0 204.0 88.0 had
7188.0 4104.0 416.0 88.0 neither
7656.0 4104.0 176.0 88.0 the

5540.0 4248.0 592.0 88.0 dialectical
6264.0 4252.0 284.0 84.0 mind
6684.0 4272.0 188.0 64.0 nor
7004.0 4248.0 180.0 84.0 the
7320.0 4236.0 512.0 100.0 unfailing

5540.0 4392.0 488.0 96.0 courtesy
6104.0 4388.0 112.0 88.0 of
6288.0 4384.0 180.0 88.0 the
6544.0 4404.0 256.0 68.0 new.
6944.0 4384.0 272.0 84.0 That
7292.0 4376.0 316.0 104.0 being
7684.0 4400.0 148.0 80.0 so,

5536.0 4520.0 252.0 88.0 with
5880.0 4524.0 188.0 84.0 her
6160.0 4524.0 604.0 100.0 perception
6860.0 4520.0 188.0 88.0 she
7136.0 4516.0 340.0 104.0 might
7568.0 4516.0 264.0 84.0 have

5536.0 4656.0 472.0 104.0 changed
6108.0 4660.0 180.0 92.0 the
6388.0 4660.0 456.0 104.0 subject;
6960.0 4660.0 184.0 88.0 but
7244.0 4656.0 188.0 88.0 she
7528.0 4648.0 300.0 92.0 could

5540.0 4816.0 176.0 64.0 see
5780.0 4800.0 232.0 88.0 that
6076.0 4800.0 420.0 84.0 Cazalet
6556.0 4820.0 216.0 68.0 was
6832.0 4792.0 488.0 104.0 thinking
7380.0 4792.0 108.0 88.0 of
7544.0 4788.0 256.0 88.0 noth-

5540.0 4928.0 176.0 108.0 ing
5800.0 4936.0 260.0 100.0 else;
6156.0 4936.0 204.0 88.0 and
6444.0 4960.0 132.0 64.0 no
6668.0 4936.0 452.0 100.0 wonder,
7208.0 4932.0 292.0 88.0 since
7584.0 4932.0 244.0 92.0 they

5544.0 5088.0 280.0 68.0 were
5924.0 5072.0 716.0 104.0 approaching
6740.0 5072.0 180.0 88.0 the
7024.0 5088.0 316.0 68.0 scene
7444.0 5068.0 108.0 84.0 of
7656.0 5064.0 176.0 84.0 the

5536.0 5208.0 440.0 100.0 tragedy
6056.0 5212.0 204.0 88.0 and
6344.0 5212.0 168.0 84.0 his
6592.0 5232.0 232.0 64.0 own
6908.0 5208.0 168.0 88.0 old
7156.0 5212.0 340.0 96.0 home,
7576.0 5204.0 252.0 84.0 with

5540.0 5352.0 260.0 80.0 each
5864.0 5348.0 240.0 100.0 long
6164.0 5348.0 172.0 104.0 dip
6400.0 5352.0 108.0 84.0 of
6572.0 5348.0 184.0 84.0 her
6816.0 5344.0 408.0 108.0 paddle.

5668.0 5484.0 88.0 88.0 It
5836.0 5488.0 200.0 84.0 had
6120.0 5484.0 264.0 88.0 been
6464.0 5488.0 164.0 88.0 his
6712.0 5508.0 228.0 64.0 own
7024.0 5484.0 260.0 88.0 wish
7372.0 5484.0 104.0 84.0 to
7560.0 5480.0 272.0 88.0 start

5540.0 5624.0 584.0 100.0 upstream;
6208.0 5624.0 184.0 88.0 but
6456.0 5628.0 188.0 84.0 she
6712.0 5620.0 300.0 92.0 could
7076.0 5640.0 180.0 68.0 see
7320.0 5620.0 180.0 84.0 the
7560.0 5612.0 236.0 88.0 wist-

5540.0 5756.0 148.0 88.0 ful
5764.0 5764.0 240.0 96.0 pain
6080.0 5768.0 100.0 76.0 in
6252.0 5760.0 168.0 88.0 his
6488.0 5780.0 248.0 80.0 eyes
6808.0 5780.0 116.0 64.0 as
7000.0 5760.0 244.0 96.0 they
7320.0 5756.0 184.0 84.0 fell
7572.0 5772.0 260.0 68.0 once

5540.0 5916.0 288.0 68.0 more
5932.0 5916.0 272.0 84.0 upon
6300.0 5900.0 180.0 84.0 the
6576.0 5900.0 180.0 84.0 red
6856.0 5900.0 396.0 84.0 turrets
7352.0 5888.0 200.0 92.0 and
7652.0 5892.0 180.0 84.0 the

5544.0 6036.0 412.0 84.0 smooth
6044.0 6056.0 316.0 80.0 green
6452.0 6036.0 268.0 84.0 lawn
6808.0 6036.0 112.0 84.0 of
7004.0 6032.0 520.0 104.0 Uplands;
7628.0 6024.0 204.0 88.0 and

5544.0 6172.0 188.0 84.0 she
5812.0 6172.0 416.0 88.0 neither
6304.0 6172.0 328.0 100.0 spoke
6712.0 6196.0 192.0 64.0 nor
6976.0 6172.0 376.0 88.0 looked
7432.0 6172.0 112.0 84.0 at
7616.0 6164.0 220.0 84.0 him

5540.0 6304.0 312.0 104.0 again
5908.0 6308.0 264.0 88.0 until
6228.0 6312.0 128.0 84.0 he
6416.0 6308.0 324.0 104.0 spoke
6792.0 6316.0 108.0 80.0 to
6956.0 6308.0 216.0 88.0 her.

5668.0 6444.0 96.0 84.0 "I
5848.0 6464.0 176.0 68.0 see
6104.0 6444.0 412.0 100.0 they've
6596.0 6452.0 176.0 96.0 got
6848.0 6448.0 180.0 84.0 the
7108.0 6444.0 348.0 88.0 blinds
7536.0 6440.0 300.0 88.0 down

5552.0 6580.0 308.0 100.0 still,"
5968.0 6584.0 132.0 88.0 he
6208.0 6584.0 228.0 88.0 said
6544.0 6580.0 652.0 100.0 detachedly.
7372.0 6576.0 468.0 92.0 "What's

5544.0 6720.0 544.0 104.0 happened
6156.0 6728.0 104.0 80.0 to
6324.0 6724.0 248.0 84.0 Mrs.
6640.0 6720.0 532.0 92.0 Craven?"

5676.0 6856.0 100.0 88.0 "I
5876.0 6856.0 256.0 88.0 hear
6236.0 6860.0 188.0 88.0 she
6528.0 6864.0 280.0 84.0 went
6912.0 6856.0 220.0 88.0 Into
7236.0 6880.0 64.0 64.0 a
7400.0 6856.0 444.0 100.0 nursing

5544.0 6996.0 308.0 88.0 home
5920.0 6996.0 360.0 88.0 before
6348.0 7000.0 176.0 84.0 the
6592.0 6992.0 504.0 88.0 funeral."

5676.0 7132.0 100.0 84.0 "I
5884.0 7136.0 372.0 96.0 expect
6360.0 7156.0 156.0 64.0 we
6624.0 7132.0 372.0 88.0 should
7108.0 7132.0 212.0 88.0 find
7436.0 7132.0 408.0 96.0 Savage

5544.0 7272.0 676.0 88.0 somewhere.
6340.0 7272.0 376.0 88.0 Would
6836.0 7292.0 204.0 80.0 you
7156.0 7292.0 256.0 80.0 very
7532.0 7272.0 308.0 84.0 much

5572.0 10552.0 152.0 84.0 He
5812.0 10548.0 500.0 88.0 Clutched
6412.0 10548.0 208.0 88.0 Her
6712.0 10548.0 328.0 100.0 Hand,
7128.0 10548.0 180.0 84.0 but
7388.0 10544.0 264.0 112.0 Only
7736.0 10564.0 56.0 68.0 a

5696.0 10684.0 152.0 88.0 He
5920.0 10684.0 328.0 108.0 Might
6320.0 10684.0 288.0 88.0 Have
6672.0 10684.0 500.0 84.0 Clutched
7240.0 10708.0 60.0 64.0 a
7372.0 10684.0 360.0 84.0 Man's.

5564.0 10912.0 312.0 104.0 mind,
5936.0 10908.0 528.0 92.0 Blanche?
6584.0 10908.0 36.0 88.0 I
6676.0 10908.0 376.0 88.0 should
7108.0 10908.0 360.0 88.0 rather
7528.0 10904.0 208.0 88.0 like

5560.0 11048.0 88.0 88.0 If
5692.0 11048.0 84.0 100.0 it
5832.0 11072.0 212.0 64.0 was
6092.0 11048.0 224.0 100.0 just
6364.0 11044.0 396.0 104.0 setting
6812.0 11044.0 224.0 88.0 foot
7164.0 11044.0 256.0 88.0 with
7472.0 11064.0 200.0 80.0 you
7804.0 11036.0 56.0 40.0 "

5684.0 11184.0 204.0 88.0 But
5940.0 11204.0 264.0 64.0 even
6256.0 11184.0 232.0 88.0 that
6544.0 11180.0 488.0 88.0 effective
7084.0 11180.0 248.0 84.0 final
7388.0 11196.0 468.0 84.0 pronoun

5564.0 11320.0 320.0 88.0 failed
5936.0 11328.0 108.0 80.0 to
6100.0 11320.0 304.0 104.0 bring
6460.0 11340.0 204.0 80.0 any
6716.0 11320.0 544.0 100.0 buoyancy
7316.0 11316.0 268.0 88.0 back
7636.0 11312.0 224.0 88.0 into

5564.0 11456.0 168.0 92.0 his
5804.0 11456.0 336.0 104.0 voice;
6232.0 11460.0 164.0 84.0 for
6464.0 11456.0 84.0 88.0 it
6612.0 11476.0 216.0 64.0 was
6904.0 11460.0 184.0 80.0 not
7156.0 11452.0 104.0 88.0 In
7332.0 11452.0 184.0 88.0 the
7588.0 11452.0 276.0 84.0 least

5564.0 11596.0 488.0 88.0 effective
6108.0 11612.0 120.0 64.0 as
6288.0 11596.0 128.0 84.0 he
6476.0 11592.0 232.0 88.0 said
6768.0 11592.0 108.0 100.0 it,
6936.0 11588.0 204.0 92.0 and
7200.0 11592.0 132.0 84.0 he
7388.0 11612.0 136.0 64.0 no
7584.0 11592.0 248.0 96.0 long-

5568.0 11756.0 112.0 64.0 er
5732.0 11732.0 372.0 88.0 looked
6168.0 11732.0 188.0 84.0 her
6404.0 11732.0 108.0 84.0 In
6576.0 11728.0 180.0 92.0 the
6808.0 11732.0 268.0 84.0 face.
7192.0 11728.0 204.0 84.0 But
7452.0 11724.0 212.0 92.0 this
7720.0 11724.0 140.0 84.0 all

5576.0 11868.0 420.0 88.0 seemed
6108.0 11868.0 416.0 84.0 natural
6640.0 11868.0 108.0 88.0 to
6860.0 11864.0 496.0 100.0 Blanche,
7468.0 11864.0 104.0 84.0 In
7684.0 11860.0 180.0 84.0 the

5564.0 12000.0 504.0 92.0 manifold
6228.0 12004.0 200.0 88.0 and
6592.0 12000.0 688.0 104.0 overlapping
7436.0 12000.0 392.0 88.0 circum-

5568.0 12144.0 424.0 84.0 stances
6044.0 12144.0 108.0 84.0 of
6208.0 12140.0 180.0 88.0 the
6440.0 12160.0 272.0 64.0 case.
6836.0 12136.0 208.0 88.0 She
7104.0 12136.0 304.0 88.0 made
7464.0 12136.0 164.0 88.0 for
7684.0 12136.0 180.0 88.0 the

5568.0 12276.0 264.0 88.0 inlet
5916.0 12284.0 108.0 84.0 at
6116.0 12276.0 176.0 92.0 the
6384.0 12296.0 332.0 84.0 upper
6804.0 12276.0 200.0 84.0 end
7092.0 12276.0 112.0 84.0 of
7292.0 12276.0 180.0 88.0 the
7564.0 12272.0 296.0 84.0 lawn.

5568.0 12416.0 228.0 84.0 And
5924.0 12416.0 188.0 88.0 her
6232.0 12416.0 416.0 100.0 prompt
6772.0 12412.0 816.0 100.0 unquestioning
7712.0 12428.0 124.0 68.0 ac-

5564.0 12552.0 616.0 100.0 quiescence
6224.0 12548.0 432.0 88.0 shamed
6700.0 12548.0 424.0 88.0 Cazalet
7164.0 12548.0 220.0 84.0 into
7456.0 12544.0 412.0 88.0 further

5568.0 12692.0 200.0 84.0 and
5892.0 12688.0 432.0 84.0 franker
6436.0 12684.0 700.0 104.0 explanation,
7256.0 12684.0 364.0 88.0 before
7732.0 12684.0 132.0 84.0 he

5572.0 12824.0 300.0 88.0 could
5952.0 12824.0 148.0 88.0 let
6172.0 12828.0 188.0 84.0 her
6436.0 12824.0 240.0 84.0 land
6752.0 12828.0 108.0 80.0 to
6932.0 12824.0 356.0 104.0 please
7364.0 12820.0 244.0 88.0 him.

5700.0 12964.0 280.0 84.0 "You
6060.0 12960.0 288.0 88.0 don't
6424.0 12960.0 304.0 84.0 know
6808.0 12960.0 232.0 88.0 how
7120.0 12960.0 40.0 84.0 I
7240.0 12960.0 208.0 84.0 feel
7524.0 12952.0 344.0 92.0 this!"

5568.0 13100.0 132.0 84.0 he
5752.0 13096.0 584.0 92.0 exclaimed
6400.0 13096.0 280.0 104.0 quite
6736.0 13096.0 596.0 100.0 miserably.
7400.0 13096.0 96.0 84.0 "I
7560.0 13116.0 304.0 68.0 mean

5584.0 13240.0 324.0 84.0 about
6012.0 13256.0 252.0 80.0 poor
6376.0 13236.0 168.0 84.0 old
6656.0 13232.0 492.0 100.0 Scruton;
7272.0 13232.0 224.0 88.0 he's
7604.0 13252.0 264.0 80.0 gone

5572.0 13372.0 456.0 100.0 through
6092.0 13396.0 112.0 64.0 so
6268.0 13376.0 308.0 84.0 much
6636.0 13392.0 116.0 64.0 as
6816.0 13372.0 84.0 84.0 it
6960.0 13368.0 120.0 104.0 is,
7144.0 13368.0 536.0 88.0 whatever
7736.0 13368.0 132.0 84.0 he

5572.0 13532.0 236.0 80.0 may
5872.0 13512.0 268.0 84.0 have
6196.0 13512.0 272.0 80.0 done
6524.0 13512.0 108.0 84.0 to
6696.0 13504.0 440.0 92.0 deserve
7196.0 13508.0 84.0 84.0 it
7340.0 13508.0 244.0 100.0 long
7640.0 13524.0 228.0 80.0 ago.

5576.0 13648.0 96.0 84.0 Is
5764.0 13652.0 88.0 84.0 it
5944.0 13644.0 676.0 88.0 conceivable
6716.0 13644.0 232.0 88.0 that
7044.0 13644.0 128.0 88.0 he
7268.0 13640.0 372.0 92.0 should
7740.0 13664.0 128.0 80.0 go

5576.0 13784.0 200.0 88.0 and
5844.0 13788.0 128.0 84.0 do
6040.0 13808.0 60.0 64.0 a
6168.0 13780.0 300.0 104.0 thing
6536.0 13780.0 212.0 88.0 like
6812.0 13780.0 216.0 88.0 this
7096.0 13780.0 184.0 88.0 the
7348.0 13800.0 256.0 80.0 very
7672.0 13800.0 164.0 64.0 mo-

5576.0 13924.0 288.0 84.0 ment
5948.0 13920.0 132.0 88.0 he
6164.0 13924.0 232.0 100.0 gets
6484.0 13916.0 248.0 88.0 out?
6884.0 13916.0 36.0 88.0 I
7008.0 13916.0 192.0 88.0 ask
7288.0 13936.0 232.0 80.0 you,
7612.0 13916.0 92.0 88.0 is
7788.0 13912.0 84.0 88.0 it

5576.0 14080.0 264.0 64.0 even
5904.0 14056.0 800.0 92.0 conceivable?"

5704.0 14196.0 460.0 84.0 Blanche
6240.0 14192.0 640.0 88.0 understood
6956.0 14188.0 244.0 92.0 him.
7336.0 14192.0 232.0 88.0 And
7644.0 14208.0 224.0 68.0 now

5576.0 14336.0 188.0 88.0 she
5824.0 14328.0 420.0 88.0 showed
6304.0 14328.0 400.0 88.0 herself
6760.0 14324.0 376.0 108.0 golden
7196.0 14332.0 104.0 84.0 to
7360.0 14328.0 180.0 88.0 the
7600.0 14348.0 272.0 76.0 core,

5576.0 14472.0 384.0 92.0 almost
6020.0 14492.0 116.0 64.0 as
6196.0 14488.0 132.0 68.0 an
6388.0 14472.0 424.0 88.0 earnest
6868.0 14468.0 108.0 84.0 of
7028.0 14464.0 192.0 88.0 her
7276.0 14464.0 372.0 88.0 fitness
7708.0 14464.0 160.0 84.0 for

5576.0 14612.0 176.0 84.0 the
5812.0 14608.0 244.0 84.0 fires
6112.0 14604.0 356.0 88.0 before
6528.0 14604.0 216.0 84.0 her.

5708.0 14744.0 328.0 84.0 "Poor
6112.0 14736.0 436.0 104.0 fellow,"
6628.0 14740.0 188.0 84.0 she
6892.0 14736.0 316.0 104.0 cried,
7288.0 14740.0 188.0 84.0 "he
7548.0 14736.0 196.0 88.0 has
7812.0 14760.0 60.0 68.0 a

5576.0 14880.0 344.0 88.0 friend
6000.0 14880.0 108.0 84.0 In
6188.0 14896.0 232.0 84.0 you,
6500.0 14884.0 108.0 80.0 at
6688.0 14896.0 204.0 80.0 any
6976.0 14876.0 272.0 88.0 rate!
7408.0 14876.0 228.0 84.0 And
7720.0 14872.0 148.0 88.0 I'll

5580.0 15020.0 240.0 100.0 help
5908.0 15040.0 196.0 80.0 you
6192.0 15024.0 108.0 80.0 to
6384.0 15012.0 240.0 104.0 help
6704.0 15012.0 248.0 104.0 him,
7032.0 15012.0 84.0 88.0 if
7196.0 15012.0 388.0 88.0 there's
7668.0 15032.0 204.0 80.0 any

5580.0 15176.0 224.0 80.0 way
5868.0 15156.0 36.0 84.0 I
5968.0 15152.0 284.0 88.0 can."

5704.0 15292.0 160.0 88.0 He
5944.0 15288.0 484.0 92.0 clutched
6512.0 15288.0 188.0 88.0 her
6780.0 15284.0 304.0 104.0 hand,
7168.0 15288.0 188.0 84.0 but
7432.0 15288.0 244.0 100.0 only
7756.0 15308.0 116.0 64.0 as

5580.0 15428.0 128.0 88.0 he
5768.0 15432.0 332.0 96.0 might
6160.0 15432.0 268.0 84.0 have
6488.0 15424.0 484.0 88.0 clutched
7040.0 15444.0 60.0 64.0 a
7156.0 15424.0 420.0 88.0 man's."

5708.0 15568.0 284.0 84.0 "You
6052.0 15568.0 276.0 84.0 can't
6392.0 15560.0 128.0 88.0 do
6584.0 15564.0 552.0 100.0 anything;
7216.0 15560.0 184.0 88.0 but
7464.0 15560.0 36.0 84.0 I
7568.0 15564.0 304.0 88.0 won't

5584.0 15700.0 344.0 104.0 forget
6024.0 15700.0 324.0 100.0 that,"
6452.0 15704.0 132.0 84.0 he
6680.0 15700.0 388.0 84.0 almost
7172.0 15700.0 432.0 84.0 choked.
7776.0 15696.0 96.0 88.0 "I

5584.0 15848.0 352.0 80.0 meant
5988.0 15844.0 104.0 84.0 to
6144.0 15840.0 312.0 84.0 stand
6512.0 15836.0 124.0 100.0 by
6692.0 15836.0 216.0 84.0 him
6964.0 15836.0 100.0 84.0 in
7120.0 15856.0 60.0 64.0 a
7232.0 15856.0 252.0 80.0 very
7540.0 15836.0 308.0 84.0 differ-

5584.0 15984.0 180.0 84.0 ent
5880.0 16000.0 252.0 80.0 way.
6308.0 15976.0 260.0 88.0 He'd
6684.0 15976.0 268.0 84.0 been
7064.0 15976.0 300.0 84.0 down
7476.0 15976.0 108.0 84.0 to
7696.0 15972.0 176.0 88.0 the

5584.0 16116.0 408.0 104.0 depths,
6076.0 16116.0 204.0 84.0 and
6360.0 16112.0 144.0 84.0 I'd
6588.0 16136.0 296.0 64.0 come
6964.0 16132.0 132.0 80.0 up
7184.0 16132.0 64.0 64.0 a
7332.0 16112.0 192.0 100.0 bit;
7624.0 16112.0 248.0 84.0 then

5584.0 16260.0 132.0 84.0 he
5764.0 16276.0 216.0 64.0 was
6032.0 16252.0 264.0 100.0 good
6352.0 16256.0 108.0 80.0 to
6516.0 16272.0 160.0 60.0 me
6728.0 16268.0 116.0 64.0 as
6900.0 16268.0 60.0 64.0 a
7012.0 16240.0 200.0 108.0 lad,
7264.0 16248.0 204.0 84.0 and
7524.0 16248.0 84.0 88.0 it
7660.0 16268.0 212.0 64.0 was

5584.0 16412.0 168.0 80.0 my
5820.0 16388.0 436.0 88.0 father's
6324.0 16392.0 432.0 100.0 partner
6820.0 16384.0 232.0 88.0 who
7120.0 16408.0 216.0 64.0 was
7404.0 16384.0 172.0 92.0 the
7640.0 16384.0 232.0 84.0 ruin

5580.0 16528.0 112.0 84.0 of
5768.0 16528.0 244.0 84.0 him.
6156.0 16524.0 36.0 84.0 I
6276.0 16524.0 420.0 84.0 seemed
6776.0 16528.0 104.0 80.0 to
6960.0 16540.0 220.0 68.0 owe
7260.0 16516.0 212.0 88.0 him
7556.0 16540.0 288.0 64.0 some-

5584.0 16664.0 324.0 100.0 thing,
5964.0 16664.0 212.0 84.0 and
6236.0 16680.0 228.0 64.0 now
6600.0 16676.0 228.0 68.0 now
6892.0 16656.0 148.0 88.0 I'll
7100.0 16656.0 308.0 88.0 stand
7476.0 16656.0 128.0 100.0 by
7664.0 16656.0 208.0 88.0 him

5584.0 16800.0 532.0 84.0 whatever
6192.0 16800.0 472.0 100.0 happens
6736.0 16792.0 204.0 88.0 and
7080.0 16796.0 532.0 84.0 whatever
7684.0 16796.0 192.0 84.0 has

5584.0 16936.0 668.0 100.0 happened!"

5708.0 17076.0 292.0 88.0 Then
6072.0 17076.0 244.0 100.0 they
6380.0 17072.0 380.0 88.0 landed
6824.0 17072.0 104.0 84.0 in
6996.0 17068.0 176.0 88.0 the
7236.0 17064.0 200.0 104.0 old,
7504.0 17068.0 168.0 88.0 old
7740.0 17072.0 104.0 80.0 In-

5588.0 17212.0 168.0 84.0 let.
5904.0 17208.0 424.0 88.0 Cazalet
6404.0 17208.0 296.0 84.0 knew
6788.0 17224.0 312.0 80.0 every
7180.0 17204.0 256.0 88.0 knot
7516.0 17204.0 100.0 88.0 in
7696.0 17208.0 180.0 84.0 the

5584.0 17356.0 236.0 96.0 post
5880.0 17356.0 108.0 84.0 to
6044.0 17348.0 340.0 84.0 which
6448.0 17344.0 124.0 88.0 he
6636.0 17340.0 212.0 88.0 tied
6908.0 17340.0 552.0 128.0 Blanche's
7520.0 17364.0 352.0 68.0 canoe.

5716.0 17488.0 84.0 84.0 It
5892.0 17504.0 212.0 64.0 was
6192.0 17508.0 64.0 60.0 a
6340.0 17504.0 252.0 76.0 very
6676.0 17480.0 492.0 84.0 different
7252.0 17480.0 320.0 100.0 place,
7664.0 17476.0 212.0 88.0 this

5588.0 17624.0 500.0 100.0 Uplands,
6272.0 17644.0 164.0 60.0 om
6524.0 17640.0 252.0 80.0 poor
6852.0 17616.0 172.0 88.0 old
7104.0 17616.0 556.0 88.0 Littleford
7744.0 17636.0 128.0 64.0 on

5584.0 17764.0 180.0 84.0 the
5852.0 17760.0 316.0 84.0 lower
6256.0 17760.0 344.0 84.0 reach.
6752.0 17756.0 220.0 84.0 The
7056.0 17752.0 460.0 104.0 grounds
7604.0 17776.0 272.0 64.0 were

5588.0 17900.0 200.0 84.0 five
5848.0 17920.0 120.0 60.0 or
6032.0 17896.0 156.0 88.0 six
6252.0 17912.0 300.0 64.0 acres
6616.0 17892.0 416.0 84.0 instead
7096.0 17892.0 108.0 84.0 of
7268.0 17892.0 316.0 88.0 about
7648.0 17912.0 228.0 80.0 one,

5588.0 18036.0 200.0 84.0 and
5888.0 18056.0 60.0 64.0 a
6048.0 18036.0 324.0 84.0 house
6472.0 18028.0 104.0 88.0 In
6676.0 18028.0 280.0 100.0 quite
7056.0 18028.0 444.0 84.0 another
7596.0 18028.0 280.0 84.0 class

5588.0 18172.0 300.0 84.0 stood
5956.0 18172.0 400.0 84.0 farther
6420.0 18164.0 264.0 88.0 back
6756.0 18164.0 264.0 84.0 from
7092.0 18164.0 172.0 84.0 the
7332.0 18164.0 276.0 84.0 river
7672.0 18164.0 204.0 88.0 and

5588.0 18328.0 244.0 80.0 very
5904.0 18308.0 304.0 84.0 much
6284.0 18304.0 404.0 84.0 farther
6756.0 18304.0 268.0 80.0 from
7100.0 18304.0 176.0 84.0 the
7348.0 18300.0 276.0 88.0 road.

5704.0 18444.0 224.0 84.0 The
5996.0 18444.0 256.0 84.0 inlet
6320.0 18444.0 340.0 96.0 began
6732.0 18440.0 176.0 88.0 the
6976.0 18444.0 452.0 80.0 western
7504.0 18440.0 340.0 84.0 bound-

5588.0 18604.0 212.0 80.0 ary,
5896.0 18580.0 336.0 84.0 which
6336.0 18576.0 560.0 88.0 continued
6996.0 18584.0 236.0 92.0 past
7328.0 18576.0 176.0 92.0 the
7604.0 18576.0 244.0 88.0 boat-

5588.0 18720.0 328.0 84.0 house
5980.0 18720.0 104.0 84.0 in
6148.0 18716.0 180.0 88.0 the
6392.0 18716.0 324.0 96.0 shape
6780.0 18712.0 112.0 84.0 of
6952.0 18732.0 64.0 64.0 a
7076.0 18712.0 244.0 100.0 high
7388.0 18712.0 360.0 100.0 hedge,
7820.0 18736.0 60.0 64.0 a

5592.0 18860.0 644.0 84.0 herbaceous
6332.0 18852.0 376.0 88.0 border
6816.0 18848.0 228.0 96.0 (not
7136.0 18852.0 280.0 84.0 what
7508.0 18852.0 76.0 84.0 it
7676.0 18852.0 200.0 84.0 had

5592.0 18996.0 260.0 84.0 been
5940.0 18996.0 100.0 84.0 in
6128.0 18992.0 176.0 88.0 the
6392.0 18988.0 168.0 88.0 old
6648.0 18988.0 348.0 100.0 days),
7084.0 18988.0 200.0 84.0 and
7376.0 19008.0 60.0 64.0 a
7520.0 18988.0 356.0 100.0 gravel

5588.0 19132.0 280.0 100.0 path.
6024.0 19128.0 252.0 84.0 This
6372.0 19128.0 244.0 96.0 path
6708.0 19144.0 216.0 64.0 was
7016.0 19124.0 500.0 88.0 screened
7612.0 19124.0 264.0 84.0 from

5592.0 19268.0 176.0 84.0 the
5832.0 19268.0 268.0 84.0 lawn
6164.0 19264.0 128.0 96.0 by
6356.0 19288.0 60.0 60.0 a
6484.0 19260.0 276.0 88.0 bank
6820.0 19260.0 108.0 84.0 of
6992.0 19260.0 884.0 96.0 rhododendrons,

5592.0 19428.0 116.0 60.0 as
5784.0 19404.0 152.0 96.0 of.
5964.0 19424.0 372.0 64.0 course
6412.0 19416.0 272.0 64.0 were
6760.0 19396.0 176.0 88.0 the
7012.0 19396.0 264.0 84.0 back
7348.0 19400.0 252.0 96.0 yard
7676.0 19396.0 200.0 88.0 and

5592.0 19540.0 424.0 88.0 kitchen
6120.0 19532.0 540.0 108.0 premises,
6764.0 19536.0 236.0 100.0 past
7104.0 19532.0 332.0 88.0 which
7536.0 19536.0 76.0 84.0 It
7716.0 19536.0 160.0 84.0 led

5592.0 19676.0 216.0 88.0 into
5896.0 19676.0 176.0 84.0 the
6164.0 19676.0 280.0 84.0 front
6524.0 19668.0 424.0 100.0 garden,
7040.0 19668.0 600.0 100.0 eventually
7724.0 19672.0 124.0 84.0 de-

5592.0 19816.0 520.0 96.0 bouching
6196.0 19812.0 216.0 84.0 into
6500.0 19808.0 176.0 84.0 the
6764.0 19808.0 320.0 84.0 drive.
7232.0 19808.0 92.0 84.0 It
7408.0 19828.0 212.0 68.0 was
7704.0 19812.0 176.0 84.0 the

5592.0 19956.0 248.0 96.0 path
5908.0 19952.0 308.0 96.0 alojg
6284.0 19944.0 336.0 88.0 which
6692.0 19944.0 416.0 84.0 Cazalet
7176.0 19940.0 164.0 92.0 led
7412.0 19944.0 176.0 84.0 the
7656.0 19964.0 220.0 80.0 way

5600.0 20088.0 212.0 84.0 this
5916.0 20088.0 584.0 92.0 afternoon,
6612.0 20076.0 204.0 88.0 and
6928.0 20080.0 460.0 84.0 Blanche
7500.0 20088.0 104.0 80.0 at
7720.0 20084.0 160.0 84.0 his

5592.0 20228.0 292.0 84.0 heels
5944.0 20248.0 216.0 60.0 was
6220.0 20240.0 112.0 64.0 so
6392.0 20220.0 364.0 84.0 struck
6816.0 20216.0 124.0 96.0 by
7000.0 20216.0 596.0 104.0 something
7652.0 20220.0 224.0 88.0 that

5592.0 20368.0 188.0 80.0 she
5832.0 20360.0 300.0 88.0 could
6188.0 20364.0 180.0 80.0 not
6420.0 20356.0 236.0 96.0 help
6712.0 20352.0 368.0 100.0 telling
7132.0 20352.0 208.0 84.0 him
7400.0 20356.0 128.0 84.0 he
7580.0 20356.0 300.0 84.0 knew

5592.0 20504.0 168.0 84.0 his
5832.0 20516.0 220.0 80.0 way
6124.0 20516.0 248.0 76.0 very
6444.0 20488.0 256.0 84.0 well.

6084.0 20636.0 192.0 84.0 (TO
6352.0 20636.0 160.0 68.0 BE
6584.0 20632.0 808.0 88.0 CONTINUED.)

6428.0 20908.0 628.0 104.0 Diplomacy.

5720.0 21052.0 344.0 84.0 "Look
6120.0 21048.0 280.0 104.0 here,
6448.0 21044.0 504.0 96.0 Charlie,"
7012.0 21044.0 224.0 88.0 said
7288.0 21068.0 196.0 64.0 one
7532.0 21068.0 344.0 84.0 young

5600.0 21184.0 588.0 104.0 undergrad
6272.0 21192.0 104.0 76.0 to
6464.0 21180.0 472.0 104.0 another,
7020.0 21180.0 228.0 92.0 who
7328.0 21180.0 196.0 88.0 had
7612.0 21184.0 260.0 84.0 been

5600.0 21324.0 324.0 84.0 asked
6024.0 21336.0 104.0 76.0 to
6224.0 21340.0 192.0 60.0 run
6516.0 21316.0 160.0 84.0 his
6780.0 21340.0 188.0 80.0 eye
7060.0 21336.0 252.0 64.0 over
7408.0 21340.0 60.0 64.0 a
7568.0 21316.0 312.0 88.0 letter

5604.0 21460.0 332.0 84.0 which
6028.0 21456.0 164.0 84.0 his
6288.0 21452.0 336.0 84.0 friend
6716.0 21452.0 200.0 88.0 had
7012.0 21452.0 408.0 84.0 written
7520.0 21460.0 104.0 80.0 to
7712.0 21452.0 164.0 84.0 his

5604.0 21596.0 372.0 96.0 father,
6056.0 21592.0 100.0 84.0 in
6236.0 21588.0 332.0 84.0 which
6648.0 21588.0 300.0 84.0 there
7020.0 21608.0 216.0 64.0 was
7312.0 21588.0 176.0 88.0 the
7568.0 21588.0 276.0 88.0 inevi-

5604.0 21724.0 284.0 84.0 table
6012.0 21732.0 428.0 88.0 request
6628.0 21724.0 160.0 80.0 for
6916.0 21744.0 400.0 76.0 money,
7452.0 21724.0 424.0 96.0 "you've

5604.0 21864.0 396.0 104.0 spelled
6096.0 21864.0 212.0 100.0 jug,
6408.0 21856.0 384.0 108.0 g-u-g!"
6956.0 21860.0 100.0 84.0 "I
7156.0 21860.0 388.0 96.0 know,"
7648.0 21860.0 224.0 84.0 said

5604.0 22000.0 460.0 96.0 Charlie;
6140.0 22000.0 244.0 84.0 "but
6444.0 22016.0 196.0 80.0 you
6700.0 22016.0 180.0 68.0 see
6940.0 21996.0 36.0 84.0 I
7040.0 22004.0 260.0 84.0 need
7360.0 21996.0 176.0 88.0 the
7592.0 21996.0 284.0 96.0 cash,

5600.0 22140.0 204.0 80.0 and
5880.0 22136.0 280.0 84.0 don't
6236.0 22140.0 276.0 80.0 want
6584.0 22132.0 180.0 92.0 the
6840.0 22132.0 164.0 88.0 old
7084.0 22156.0 232.0 60.0 man
7400.0 22140.0 100.0 80.0 to
7576.0 22132.0 296.0 88.0 think

5604.0 22272.0 176.0 84.0 I'm
5876.0 22272.0 412.0 104.0 putting
6372.0 22292.0 128.0 64.0 on
6592.0 22272.0 240.0 80.0 airs.
6984.0 22268.0 360.0 88.0 That's
7432.0 22272.0 224.0 84.0 how
7748.0 22268.0 128.0 84.0 he

5600.0 22408.0 320.0 92.0 spells
5976.0 22408.0 168.0 88.0 It"

8104.0 1336.0 1520.0 192.0 INTERNATIONAL
9760.0 1332.0 728.0 192.0 LEAGUE
10628.0 1332.0 168.0 188.0 IS
10940.0 1328.0 856.0 192.0 "COMING
11940.0 1320.0 608.0 192.0 BACK"

8036.0 1612.0 540.0 420.0 77
10532.0 1760.0 1136.0 392.0 wr

8512.0 4724.0 244.0 240.0 j
9376.0 4748.0 268.0 192.0 r
11380.0 4672.0 1308.0 308.0 mmiz

8312.0 7368.0 344.0 84.0 Three
8744.0 7364.0 336.0 104.0 Major
9164.0 7368.0 412.0 100.0 League
9656.0 7364.0 520.0 80.0 Veterans
10264.0 7360.0 248.0 84.0 Now
10608.0 7356.0 280.0 88.0 With
11000.0 7360.0 340.0 84.0 Minor
11436.0 7356.0 840.0 108.0 Organizations.

7996.0 7612.0 192.0 92.0 (By
8260.0 7612.0 180.0 76.0 ED
8508.0 7612.0 108.0 80.0 G.
8700.0 7608.0 588.0 88.0 BARROW,
9368.0 7612.0 504.0 76.0 President
9952.0 7608.0 104.0 76.0 of
10128.0 7604.0 168.0 76.0 the

8248.0 7720.0 704.0 76.0 International
9036.0 7720.0 452.0 72.0 Baseball
9576.0 7716.0 456.0 88.0 League.)

8116.0 7828.0 228.0 88.0 The
8396.0 7828.0 768.0 92.0 International
9220.0 7828.0 372.0 100.0 league
9656.0 7832.0 92.0 80.0 is
9812.0 7824.0 476.0 100.0 "coming

7992.0 7968.0 328.0 88.0 back"
8380.0 7968.0 220.0 88.0 thiB
8660.0 7988.0 412.0 64.0 season.
9200.0 7972.0 148.0 84.0 Its
9408.0 7968.0 552.0 100.0 prospects
10020.0 7964.0 272.0 84.0 have

7984.0 8108.0 192.0 88.0 not
8212.0 8104.0 264.0 88.0 been
8520.0 8128.0 124.0 64.0 so
8692.0 8104.0 360.0 104.0 bright
9108.0 8104.0 164.0 84.0 for
9308.0 8124.0 64.0 68.0 a
9404.0 8104.0 272.0 100.0 long,
9720.0 8104.0 244.0 100.0 long
10000.0 8100.0 288.0 88.0 time.

8116.0 8244.0 228.0 84.0 The
8424.0 8264.0 220.0 64.0 war
8724.0 8244.0 92.0 84.0 is
8904.0 8264.0 284.0 76.0 over,
9276.0 8236.0 612.0 88.0 confidence
9968.0 8240.0 92.0 80.0 is
10140.0 8260.0 120.0 60.0 re-

7992.0 8380.0 356.0 88.0 stored
8408.0 8380.0 204.0 84.0 and
8676.0 8380.0 180.0 84.0 the
8912.0 8376.0 480.0 88.0 baseball
9452.0 8376.0 596.0 88.0 conditions
10108.0 8396.0 188.0 64.0 are

7992.0 8516.0 412.0 88.0 normal
8500.0 8516.0 348.0 100.0 again.
9048.0 8516.0 140.0 88.0 Of
9288.0 8536.0 404.0 76.0 course,
9792.0 8512.0 184.0 88.0 the
10072.0 8532.0 220.0 68.0 war

7992.0 8652.0 388.0 88.0 caused
8452.0 8672.0 124.0 68.0 us
8640.0 8676.0 296.0 64.0 some
9000.0 8648.0 520.0 108.0 suffering
9580.0 8648.0 188.0 92.0 but
9828.0 8652.0 88.0 88.0 it
9976.0 8652.0 316.0 84.0 won't

7988.0 8792.0 140.0 88.0 be
8208.0 8792.0 252.0 100.0 long
8540.0 8788.0 368.0 88.0 before
8992.0 8812.0 192.0 64.0 our
9268.0 8788.0 724.0 100.0 organization
10076.0 8788.0 212.0 84.0 will

7992.0 8928.0 136.0 88.0 be
8208.0 8928.0 276.0 84.0 back
8568.0 8948.0 136.0 68.0 on
8784.0 8928.0 192.0 88.0 the
9056.0 8948.0 296.0 68.0 same
9428.0 8928.0 256.0 100.0 high
9772.0 8928.0 312.0 100.0 plane
10168.0 8944.0 124.0 68.0 as

7992.0 9064.0 372.0 92.0 before
8424.0 9064.0 188.0 88.0 the
8672.0 9064.0 400.0 88.0 advent
9136.0 9064.0 116.0 88.0 of
9312.0 9064.0 180.0 88.0 the
9568.0 9060.0 596.0 92.0 "outlaws."

8120.0 9204.0 224.0 88.0 The
8404.0 9204.0 240.0 88.0 1916
8708.0 9200.0 484.0 104.0 make-up
9256.0 9204.0 112.0 84.0 of
9424.0 9204.0 184.0 84.0 the
9668.0 9204.0 376.0 96.0 league
10080.0 9200.0 212.0 84.0 will

7988.0 9336.0 144.0 96.0 be
8212.0 9340.0 192.0 92.0 the
8496.0 9360.0 296.0 68.0 same
8880.0 9360.0 124.0 64.0 a3
9100.0 9340.0 108.0 84.0 in
9300.0 9340.0 180.0 88.0 the
9576.0 9336.0 168.0 88.0 old
9840.0 9336.0 260.0 104.0 days
10232.0 9360.0 64.0 64.0 a

7992.0 9480.0 492.0 100.0 compact
8568.0 9480.0 320.0 84.0 circle
8976.0 9476.0 308.0 88.0 made
9368.0 9496.0 136.0 80.0 up
9596.0 9476.0 112.0 84.0 of
9788.0 9476.0 184.0 84.0 the
10056.0 9472.0 240.0 92.0 best

7996.0 9620.0 308.0 88.0 cities
8368.0 9616.0 112.0 88.0 in
8536.0 9616.0 188.0 88.0 the
8784.0 9616.0 292.0 84.0 East.
9196.0 9612.0 236.0 88.0 And
9500.0 9636.0 120.0 64.0 so
9680.0 9632.0 160.0 68.0 we
9904.0 9612.0 144.0 88.0 all
10108.0 9632.0 188.0 68.0 are

7992.0 9776.0 296.0 64.0 more
8352.0 9752.0 256.0 92.0 than
8680.0 9752.0 436.0 104.0 hopeful
9184.0 9752.0 240.0 88.0 that
9484.0 9748.0 480.0 104.0 brighter
10032.0 9748.0 260.0 100.0 days

7992.0 9888.0 276.0 92.0 have
8344.0 9912.0 328.0 68.0 come.

8116.0 10028.0 232.0 88.0 The
8440.0 10032.0 368.0 84.0 return
8904.0 10028.0 120.0 84.0 to
9116.0 10024.0 464.0 88.0 Newark
9676.0 10024.0 204.0 88.0 and
9984.0 10024.0 280.0 88.0 Balti-

7988.0 10184.0 300.0 72.0 more
8376.0 10164.0 96.0 88.0 is
8564.0 10164.0 612.0 104.0 gratifying.
9364.0 10168.0 44.0 88.0 I
9496.0 10184.0 180.0 64.0 am
9764.0 10160.0 536.0 88.0 confident

7992.0 10304.0 240.0 88.0 that
8328.0 10300.0 384.0 92.0 before
8796.0 10300.0 188.0 88.0 the
9084.0 10320.0 388.0 68.0 season
9572.0 10300.0 92.0 84.0 is
9764.0 10320.0 252.0 64.0 over
10112.0 10296.0 184.0 88.0 the

7996.0 10444.0 248.0 84.0 fans
8308.0 10440.0 112.0 88.0 in
8484.0 10436.0 260.0 92.0 both
8812.0 10440.0 308.0 84.0 cities
9184.0 10436.0 216.0 88.0 will
9464.0 10432.0 136.0 88.0 be
9668.0 10432.0 632.0 104.0 completely

7996.0 10576.0 480.0 88.0 satisfied
8564.0 10576.0 264.0 88.0 with
8916.0 10576.0 188.0 88.0 the
9192.0 10572.0 340.0 88.0 brand
9620.0 10572.0 116.0 88.0 of
9820.0 10568.0 476.0 88.0 baseball

7996.0 10716.0 256.0 100.0 they
8320.0 10712.0 220.0 88.0 will
8616.0 10716.0 208.0 100.0 get.

8120.0 10852.0 368.0 84.0 James
8564.0 10848.0 308.0 88.0 Price
8948.0 10844.0 208.0 88.0 and
9228.0 10844.0 272.0 88.0 Fred
9580.0 10844.0 460.0 100.0 Tenney,
10116.0 10840.0 184.0 88.0 the

7996.0 11012.0 236.0 64.0 new
8296.0 11008.0 416.0 68.0 owners
8772.0 10988.0 112.0 88.0 of
8940.0 10988.0 188.0 88.0 the
9180.0 10980.0 460.0 92.0 Newark
9700.0 10980.0 268.0 108.0 club,
10028.0 10980.0 276.0 88.0 have

7992.0 11124.0 316.0 88.0 made
8368.0 11124.0 652.0 88.0 themselves
9084.0 11120.0 444.0 104.0 popular
9584.0 11116.0 140.0 104.0 by
9780.0 11136.0 492.0 64.0 announc-

8008.0 11264.0 184.0 104.0 ing
8296.0 11260.0 244.0 92.0 that
8640.0 11260.0 260.0 100.0 they
9008.0 11256.0 216.0 88.0 will
9332.0 11256.0 276.0 84.0 have
9712.0 11276.0 140.0 64.0 no
9960.0 11252.0 344.0 96.0 major

7992.0 11396.0 384.0 104.0 league
8448.0 11396.0 724.0 88.0 connections.
9312.0 11392.0 476.0 88.0 Another
9864.0 11388.0 440.0 104.0 popular

7996.0 11556.0 312.0 64.0 move
8400.0 11556.0 224.0 64.0 was
8720.0 11532.0 188.0 88.0 the
9004.0 11532.0 472.0 84.0 decision
9568.0 11532.0 116.0 84.0 to
9776.0 11528.0 244.0 100.0 play
10116.0 11524.0 184.0 88.0 the

7996.0 11692.0 368.0 84.0 games
8448.0 11672.0 108.0 84.0 in
8636.0 11668.0 460.0 84.0 Newark
9172.0 11664.0 420.0 88.0 instead
9668.0 11660.0 116.0 88.0 of
9856.0 11664.0 108.0 84.0 in
10048.0 11660.0 224.0 84.0 Har-

7996.0 11812.0 324.0 80.0 rison.
8496.0 11804.0 272.0 88.0 Jack
8856.0 11800.0 308.0 88.0 Dunn
9244.0 11800.0 400.0 100.0 always
9728.0 11820.0 268.0 80.0 gave
10080.0 11796.0 188.0 84.0 Bal-

8000.0 11944.0 380.0 88.0 timore
8536.0 11936.0 480.0 88.0 baseball
9168.0 11936.0 116.0 88.0 of
9432.0 11936.0 344.0 100.0 major
9928.0 11932.0 380.0 100.0 league

8000.0 12076.0 428.0 100.0 caliber,
8500.0 12076.0 212.0 88.0 and
8784.0 12072.0 260.0 88.0 with
9112.0 12096.0 140.0 60.0 no
9328.0 12068.0 596.0 108.0 opposition
10000.0 12068.0 308.0 88.0 there

8000.0 12216.0 216.0 84.0 this
8312.0 12232.0 388.0 68.0 season
8784.0 12212.0 140.0 84.0 he
9004.0 12212.0 96.0 84.0 Is
9184.0 12208.0 348.0 88.0 bound
9624.0 12212.0 112.0 80.0 to
9824.0 12208.0 208.0 84.0 win
10116.0 12204.0 188.0 88.0 the

8000.0 12352.0 244.0 84.0 fans
8324.0 12348.0 276.0 88.0 back
8672.0 12352.0 116.0 84.0 to
8860.0 12348.0 188.0 88.0 the
9124.0 12348.0 444.0 100.0 support
9648.0 12340.0 112.0 88.0 of
9836.0 12344.0 168.0 84.0 his
10088.0 12340.0 180.0 88.0 Ori-

8000.0 12484.0 256.0 88.0 oles.
8128.0 12620.0 592.0 88.0 Richmond
8824.0 12640.0 144.0 68.0 no
9076.0 12616.0 324.0 88.0 doubt
9504.0 12616.0 212.0 88.0 will
9824.0 12612.0 316.0 88.0 make
10240.0 12632.0 68.0 64.0 a

7996.0 12760.0 324.0 88.0 much
8400.0 12756.0 356.0 88.0 better
8840.0 12756.0 480.0 100.0 showing
9404.0 12756.0 108.0 84.0 in
9600.0 12752.0 188.0 88.0 the
9872.0 12772.0 236.0 80.0 way
10192.0 12748.0 116.0 88.0 of

8004.0 12892.0 648.0 92.0 attendance
8852.0 12892.0 220.0 88.0 this
9280.0 12912.0 412.0 64.0 season.
9904.0 12880.0 396.0 104.0 "Billy"

7992.0 13032.0 356.0 92.0 Smith
8416.0 13032.0 88.0 84.0 is
8572.0 13052.0 68.0 64.0 a
8704.0 13028.0 416.0 88.0 shrewd
9184.0 13028.0 204.0 84.0 and
9456.0 13024.0 436.0 104.0 capable
9956.0 13044.0 320.0 64.0 mana-

8000.0 13192.0 212.0 84.0 ger,
8320.0 13164.0 208.0 88.0 and
8632.0 13164.0 168.0 92.0 his
8904.0 13164.0 480.0 100.0 hustling
9488.0 13164.0 492.0 100.0 qualities
10084.0 13156.0 216.0 92.0 will

8000.0 13304.0 316.0 88.0 make
8396.0 13304.0 220.0 88.0 him
8700.0 13304.0 448.0 104.0 popular
9224.0 13300.0 260.0 88.0 with
9564.0 13300.0 188.0 88.0 the
9836.0 13304.0 268.0 84.0 fans.
10256.0 13296.0 48.0 92.0 I
10352.0 13304.0 8.0 104.0 j

8016.0 13656.0 392.0 136.0 HANK
8496.0 13652.0 532.0 140.0 GOWDY
9120.0 13652.0 128.0 136.0 IS
9340.0 13652.0 288.0 136.0 ONE
9712.0 13652.0 184.0 132.0 OF
9976.0 13640.0 336.0 144.0 "13"

8012.0 13976.0 384.0 84.0 Boston
8472.0 13972.0 524.0 108.0 Backstop
9060.0 13976.0 200.0 84.0 Got
9324.0 13972.0 188.0 88.0 His
9576.0 13972.0 292.0 88.0 Start
9936.0 13968.0 96.0 84.0 In
10108.0 13968.0 164.0 84.0 Ma-

8172.0 14112.0 176.0 108.0 jor
8408.0 14116.0 416.0 100.0 League
8888.0 14112.0 280.0 84.0 With
9232.0 14108.0 368.0 84.0 Giants
9744.0 14104.0 376.0 88.0 Lasted

8600.0 14248.0 256.0 88.0 Less
8920.0 14248.0 292.0 84.0 Than
9284.0 14268.0 60.0 64.0 a
9408.0 14248.0 308.0 88.0 Year.

8128.0 14516.0 320.0 88.0 Hank
8524.0 14516.0 416.0 104.0 Gowdy,
9016.0 14516.0 188.0 88.0 the
9280.0 14520.0 400.0 88.0 Boston
9756.0 14512.0 548.0 104.0 backstop,

8004.0 14660.0 180.0 96.0 got
8268.0 14656.0 172.0 88.0 his
8524.0 14656.0 348.0 100.0 major
8956.0 14656.0 372.0 100.0 league
9420.0 14656.0 276.0 84.0 start
9776.0 14652.0 260.0 88.0 with
10120.0 14652.0 184.0 84.0 the

8004.0 14792.0 260.0 88.0 New
8352.0 14792.0 292.0 88.0 York
8732.0 14792.0 372.0 84.0 Giants
9204.0 14812.0 136.0 64.0 on
9440.0 14788.0 624.0 104.0 September
10156.0 14788.0 148.0 100.0 13,

8008.0 14928.0 272.0 100.0 1910,
8368.0 14940.0 312.0 76.0 when
8764.0 14928.0 136.0 84.0 he
8988.0 14924.0 452.0 92.0 covered
9528.0 14928.0 236.0 88.0 first
9852.0 14924.0 256.0 88.0 base
10196.0 14928.0 108.0 84.0 in

8000.0 15088.0 68.0 64.0 a
8136.0 15088.0 304.0 80.0 game
8504.0 15068.0 108.0 84.0 in
8684.0 15064.0 344.0 88.0 which
9096.0 15064.0 188.0 88.0 the
9352.0 15064.0 416.0 88.0 Pirates
9840.0 15064.0 460.0 100.0 opposed

8000.0 15200.0 188.0 88.0 the
8248.0 15200.0 484.0 92.0 McGraw
8792.0 15200.0 268.0 88.0 clan.
9220.0 15200.0 480.0 104.0 Gowdy's
9764.0 15200.0 368.0 84.0 record
10196.0 15200.0 108.0 84.0 in

8000.0 15336.0 188.0 88.0 the
8264.0 15336.0 244.0 88.0 field
8588.0 15360.0 224.0 64.0 wa3
8884.0 15340.0 180.0 88.0 ten
9148.0 15344.0 464.0 96.0 putouts,
9696.0 15360.0 200.0 64.0 one
9976.0 15336.0 332.0 84.0 assist

8000.0 15472.0 212.0 88.0 and
8288.0 15496.0 204.0 64.0 one
8568.0 15496.0 324.0 64.0 error.
9028.0 15476.0 148.0 88.0 At
9248.0 15476.0 184.0 84.0 the
9508.0 15476.0 184.0 84.0 bat
9764.0 15472.0 136.0 84.0 he
9972.0 15472.0 336.0 88.0 didn't

8004.0 15616.0 180.0 96.0 get
8264.0 15632.0 68.0 68.0 a
8408.0 15608.0 160.0 92.0 hit
8648.0 15612.0 104.0 84.0 in
8836.0 15612.0 308.0 88.0 three
9224.0 15612.0 320.0 88.0 times
9628.0 15628.0 164.0 88.0 up,
9876.0 15608.0 184.0 88.0 the
10144.0 15608.0 164.0 88.0 de-

8176.0 17364.0 204.0 140.0 .K
8884.0 17356.0 92.0 120.0 ft
9040.0 17408.0 112.0 76.0 t
9220.0 17472.0 56.0 40.0 ,
9380.0 17416.0 64.0 68.0 9
9520.0 17384.0 152.0 116.0 y

8776.0 19584.0 304.0 84.0 Hank
9148.0 19584.0 416.0 104.0 Gowdy.

8020.0 19804.0 336.0 100.0 lively
8412.0 19800.0 112.0 92.0 of
8580.0 19804.0 404.0 84.0 "Babe"
9040.0 19804.0 396.0 84.0 Adams
9492.0 19804.0 316.0 100.0 being
9864.0 19808.0 176.0 80.0 too
10096.0 19800.0 188.0 84.0 baf-

8020.0 19940.0 256.0 100.0 fling
8348.0 19948.0 164.0 84.0 for
8580.0 19940.0 184.0 84.0 the
8836.0 19940.0 356.0 88.0 future
9264.0 19948.0 224.0 76.0 star
9560.0 19940.0 112.0 84.0 of
9740.0 19940.0 180.0 84.0 the
9992.0 19940.0 284.0 84.0 Bean-

8024.0 20084.0 380.0 84.0 eaters.
8152.0 20212.0 384.0 100.0 Gowdy
8628.0 20236.0 220.0 60.0 was
8944.0 20212.0 400.0 100.0 bought
9436.0 20212.0 136.0 100.0 by
9660.0 20212.0 188.0 84.0 the
9940.0 20212.0 368.0 84.0 Giants

8024.0 20352.0 268.0 80.0 from
8396.0 20348.0 184.0 88.0 the
8676.0 20348.0 360.0 84.0 Dallas
9136.0 20348.0 240.0 84.0 club
9476.0 20348.0 112.0 84.0 of
9684.0 20348.0 180.0 84.0 the
9968.0 20352.0 340.0 80.0 Texas

8020.0 20484.0 404.0 108.0 league,
8472.0 20484.0 204.0 84.0 and
8728.0 20484.0 200.0 84.0 had
8980.0 20484.0 604.0 108.0 previously
9632.0 20484.0 372.0 100.0 played
10056.0 20484.0 252.0 84.0 with

8028.0 20624.0 604.0 100.0 Lancaster,
8716.0 20624.0 104.0 80.0 in
8908.0 20624.0 180.0 84.0 the
9176.0 20624.0 264.0 84.0 Ohio
9516.0 20624.0 312.0 84.0 State
9912.0 20620.0 396.0 100.0 league.

8024.0 20756.0 316.0 88.0 Hank
8404.0 20756.0 308.0 88.0 stuck
8776.0 20760.0 252.0 84.0 with
9096.0 20760.0 180.0 84.0 the
9344.0 20764.0 368.0 84.0 Giants
9776.0 20756.0 216.0 84.0 less
10052.0 20760.0 256.0 84.0 than

8024.0 20916.0 64.0 64.0 a
8184.0 20912.0 284.0 88.0 year,
8568.0 20892.0 200.0 84.0 and
8876.0 20896.0 100.0 80.0 in
9080.0 20896.0 276.0 96.0 July,
9460.0 20896.0 272.0 96.0 1911,
9836.0 20896.0 472.0 84.0 McGraw

8024.0 21028.0 496.0 100.0 swapped
8664.0 21028.0 216.0 84.0 him
9028.0 21036.0 108.0 80.0 to
9284.0 21032.0 180.0 84.0 the
9608.0 21032.0 396.0 84.0 Braves
10152.0 21032.0 160.0 80.0 for

8032.0 21168.0 448.0 96.0 Charley
8584.0 21164.0 440.0 104.0 Herzog.
9228.0 21168.0 196.0 84.0 His
9528.0 21168.0 288.0 84.0 work
9920.0 21176.0 112.0 76.0 at
10132.0 21168.0 180.0 84.0 the

8028.0 21300.0 340.0 88.0 initial
8460.0 21300.0 204.0 104.0 bag
8752.0 21292.0 332.0 96.0 dAn't
9172.0 21304.0 312.0 84.0 make
9572.0 21304.0 308.0 84.0 much
9976.0 21308.0 112.0 80.0 of
10176.0 21328.0 132.0 60.0 an

8024.0 21440.0 632.0 96.0 impression
8820.0 21460.0 132.0 60.0 on
9116.0 21440.0 536.0 108.0 Stallings,
9812.0 21440.0 204.0 84.0 and
10180.0 21440.0 136.0 84.0 he

8028.0 21572.0 444.0 104.0 shipped
8552.0 21572.0 212.0 84.0 him
8840.0 21576.0 144.0 88.0 off
9056.0 21580.0 108.0 80.0 to
9240.0 21576.0 440.0 104.0 Buffalo,
9756.0 21580.0 352.0 84.0 where
10184.0 21580.0 128.0 84.0 he

8072.0 21732.0 172.0 60.0 vas
8316.0 21716.0 184.0 96.0 put
8568.0 21704.0 380.0 92.0 behind
9020.0 21712.0 184.0 88.0 the
9268.0 21712.0 208.0 100.0 bat,
9548.0 21716.0 200.0 84.0 and
9824.0 21736.0 256.0 60.0 soon
10156.0 21716.0 132.0 84.0 be-

8032.0 21868.0 292.0 68.0 came
8384.0 21848.0 176.0 84.0 the
8616.0 21856.0 224.0 76.0 star
8896.0 21848.0 512.0 104.0 backstop
9464.0 21852.0 112.0 84.0 of
9628.0 21852.0 180.0 84.0 the
9868.0 21852.0 416.0 84.0 interna-

8032.0 21984.0 324.0 88.0 tional
8436.0 21984.0 396.0 84.0 circuit.
9004.0 21988.0 312.0 84.0 Hank
9388.0 22012.0 216.0 60.0 was
9680.0 22008.0 24.0 68.0 t
9744.0 21992.0 388.0 84.0 ecalled
10208.0 22000.0 108.0 76.0 to

8032.0 22120.0 180.0 84.0 the
8272.0 22120.0 392.0 84.0 Boston
8728.0 22120.0 236.0 88.0 club
9024.0 22132.0 108.0 80.0 at
9188.0 22124.0 180.0 88.0 the
9424.0 22124.0 288.0 92.0 close
9788.0 22128.0 92.0 84.0 if
9936.0 22128.0 184.0 88.0 the
10176.0 22132.0 108.0 80.0 in-

8036.0 22256.0 632.0 88.0 ternational
8748.0 22280.0 412.0 76.0 season.

10408.0 7592.0 248.0 92.0 look
10716.0 7596.0 164.0 84.0 for
10932.0 7592.0 184.0 92.0 the
11172.0 7592.0 612.0 104.0 Virginians
11840.0 7600.0 112.0 84.0 to
12004.0 7592.0 276.0 88.0 have
12332.0 7612.0 68.0 64.0 a
12448.0 7608.0 256.0 84.0 very

10416.0 7732.0 588.0 84.0 successful
11104.0 7752.0 384.0 64.0 season
11580.0 7732.0 144.0 84.0 all
11812.0 7732.0 432.0 84.0 around.

10540.0 7884.0 228.0 84.0 The
10836.0 7880.0 408.0 100.0 change
11316.0 7884.0 108.0 84.0 to
11500.0 7880.0 268.0 84.0 local
11844.0 7880.0 596.0 100.0 ownership
12512.0 7876.0 196.0 88.0 has

10416.0 8016.0 388.0 88.0 stirred
10888.0 8020.0 360.0 100.0 things
11332.0 8040.0 136.0 80.0 up
11552.0 8020.0 104.0 80.0 in
11740.0 8016.0 676.0 96.0 Providence,
12500.0 8012.0 204.0 88.0 and

10416.0 8156.0 184.0 88.0 the
10692.0 8160.0 240.0 80.0 fans
11024.0 8176.0 136.0 64.0 no
11256.0 8152.0 324.0 92.0 doubt
11668.0 8152.0 212.0 84.0 will
11972.0 8152.0 268.0 100.0 rally
12328.0 8156.0 112.0 80.0 to
12528.0 8152.0 180.0 84.0 the

10416.0 8296.0 440.0 100.0 support
10956.0 8292.0 112.0 84.0 of
11164.0 8292.0 392.0 100.0 "Billy"
11664.0 8292.0 432.0 104.0 Draper,
12196.0 8288.0 180.0 88.0 the
12476.0 8308.0 232.0 64.0 new

10416.0 8452.0 360.0 64.0 owner
10840.0 8432.0 116.0 84.0 of
11020.0 8428.0 184.0 88.0 the
11276.0 8428.0 264.0 100.0 club,
11612.0 8428.0 232.0 84.0 who
11920.0 8428.0 88.0 84.0 is
12080.0 8448.0 260.0 80.0 very
12408.0 8444.0 276.0 84.0 popu-

10416.0 8568.0 160.0 84.0 lar
10676.0 8568.0 648.0 100.0 throughout
11424.0 8564.0 364.0 88.0 Rhode
11888.0 8564.0 384.0 84.0 Island.

10540.0 8716.0 564.0 88.0 President
11156.0 8712.0 408.0 104.0 Chapin
11612.0 8712.0 112.0 88.0 of
11772.0 8712.0 588.0 92.0 Rochester
12404.0 8708.0 304.0 88.0 made

10420.0 8876.0 64.0 64.0 a
10580.0 8852.0 564.0 88.0 ten-strike
11244.0 8852.0 308.0 84.0 when
11652.0 8852.0 140.0 84.0 he
11892.0 8848.0 440.0 88.0 secured
12436.0 8844.0 272.0 92.0 little

10416.0 8992.0 444.0 100.0 Tommy
10960.0 8988.0 352.0 88.0 Leach
11408.0 8992.0 112.0 84.0 to
11620.0 9008.0 452.0 80.0 manage
12168.0 8984.0 184.0 88.0 the
12452.0 8988.0 228.0 84.0 Hus-

10420.0 9128.0 292.0 88.0 tlers.
10888.0 9124.0 440.0 104.0 Tommy
11468.0 9124.0 196.0 88.0 has
11808.0 9128.0 396.0 96.0 always
12348.0 9124.0 360.0 84.0 shown

10420.0 9264.0 236.0 88.0 that
10740.0 9264.0 136.0 88.0 he
10960.0 9284.0 556.0 84.0 possesses
11604.0 9260.0 652.0 104.0 managerial
12344.0 9260.0 364.0 100.0 ability

10420.0 9400.0 140.0 104.0 by
10628.0 9400.0 184.0 88.0 the
10880.0 9420.0 232.0 80.0 way
11180.0 9400.0 140.0 84.0 he
11388.0 9400.0 196.0 84.0 has
11660.0 9420.0 272.0 80.0 gone
12000.0 9396.0 324.0 88.0 about
12396.0 9396.0 284.0 84.0 build-

10424.0 9540.0 180.0 100.0 ing
10660.0 9560.0 136.0 80.0 up
10856.0 9560.0 68.0 64.0 a
10976.0 9544.0 292.0 80.0 team
11324.0 9540.0 168.0 80.0 for
11548.0 9536.0 164.0 84.0 his
11772.0 9556.0 232.0 64.0 new
12060.0 9536.0 280.0 84.0 boss.
12492.0 9536.0 224.0 84.0 The

10424.0 9676.0 520.0 100.0 "midget"
11020.0 9672.0 720.0 100.0 undoubtedly
11812.0 9672.0 212.0 84.0 will
12100.0 9668.0 132.0 88.0 be
12304.0 9672.0 220.0 100.0 just
12596.0 9688.0 116.0 64.0 as

10428.0 9808.0 180.0 104.0 big
10716.0 9832.0 64.0 64.0 a
10888.0 9812.0 456.0 84.0 favorite
11452.0 9812.0 108.0 84.0 in
11664.0 9808.0 188.0 88.0 the
11956.0 9804.0 756.0 92.0 International

10424.0 9948.0 376.0 100.0 league
10864.0 9968.0 120.0 64.0 as
11048.0 9944.0 140.0 88.0 he
11252.0 9968.0 220.0 64.0 was
11540.0 9948.0 112.0 84.0 In
11716.0 9948.0 184.0 84.0 the
11972.0 9944.0 172.0 104.0 big
12212.0 9944.0 320.0 88.0 show.

10548.0 10096.0 204.0 88.0 Pat
10864.0 10092.0 512.0 88.0 Donovan
11492.0 10092.0 204.0 88.0 and
11812.0 10092.0 172.0 88.0 his
12104.0 10092.0 612.0 104.0 champions

10428.0 10232.0 376.0 88.0 should
10856.0 10236.0 280.0 84.0 have
11188.0 10256.0 68.0 64.0 a
11312.0 10232.0 404.0 88.0 banner
11776.0 10252.0 380.0 64.0 season
12216.0 10232.0 108.0 84.0 in
12384.0 10228.0 308.0 88.0 Buffa-

10424.0 10372.0 136.0 104.0 lo,
10592.0 10396.0 240.0 64.0 now
10892.0 10372.0 240.0 88.0 that
11188.0 10372.0 260.0 100.0 they
11508.0 10372.0 272.0 84.0 have
11844.0 10368.0 188.0 92.0 the
12092.0 10368.0 244.0 88.0 field
12404.0 10368.0 140.0 88.0 all
12608.0 10372.0 112.0 84.0 to

10428.0 10512.0 652.0 88.0 themselves
11140.0 10512.0 332.0 92.0 there.

10552.0 10676.0 224.0 88.0 The
10828.0 10672.0 300.0 104.0 large
11176.0 10672.0 448.0 84.0 number
11672.0 10672.0 116.0 88.0 of
11836.0 10668.0 596.0 92.0 Canadians
12488.0 10668.0 232.0 92.0 that

10428.0 10812.0 276.0 84.0 have
10768.0 10832.0 272.0 80.0 gone
11100.0 10816.0 112.0 80.0 to
11272.0 10808.0 184.0 88.0 the
11520.0 10832.0 224.0 64.0 war
11808.0 10812.0 288.0 84.0 front
12156.0 10808.0 196.0 84.0 has
12416.0 10808.0 308.0 84.0 made

10436.0 10948.0 476.0 88.0 baseball
11024.0 10948.0 604.0 88.0 conditions
11732.0 10948.0 104.0 84.0 in
11952.0 10948.0 460.0 84.0 Toronto
12520.0 10944.0 196.0 88.0 and

10444.0 11084.0 528.0 88.0 Montreal
11080.0 11104.0 68.0 64.0 a
11252.0 11084.0 284.0 88.0 little
11644.0 11084.0 580.0 84.0 uncertain.
12432.0 11084.0 264.0 84.0 How-

10436.0 11244.0 280.0 76.0 ever,
10784.0 11220.0 188.0 88.0 the
11044.0 11220.0 376.0 104.0 people
11488.0 11224.0 116.0 84.0 of
11672.0 11220.0 428.0 88.0 Canada
12168.0 11240.0 188.0 64.0 are
12424.0 11220.0 300.0 100.0 great

10432.0 11360.0 352.0 84.0 lovers
10852.0 11356.0 116.0 88.0 of
11032.0 11356.0 452.0 88.0 outdoor
11548.0 11360.0 384.0 96.0 sports,
12000.0 11356.0 204.0 84.0 and
12272.0 11356.0 252.0 96.0 they
12588.0 11376.0 132.0 64.0 no

10436.0 11492.0 328.0 88.0 doubt
10848.0 11496.0 220.0 84.0 will
11156.0 11496.0 548.0 96.0 patronize
11788.0 11492.0 180.0 88.0 the
12060.0 11492.0 212.0 84.0 ball
12364.0 11508.0 360.0 84.0 games

10436.0 11628.0 516.0 104.0 liberally.
11116.0 11628.0 496.0 88.0 Baseball
11680.0 11628.0 92.0 84.0 is
11844.0 11628.0 320.0 88.0 about
12232.0 11628.0 180.0 88.0 the
12484.0 11628.0 240.0 100.0 only

10436.0 11768.0 276.0 84.0 form
10808.0 11768.0 116.0 84.0 of
11016.0 11764.0 452.0 88.0 outdoor
11564.0 11768.0 664.0 84.0 amusement
12324.0 11764.0 200.0 84.0 left
12616.0 11764.0 108.0 84.0 in

10440.0 11900.0 428.0 92.0 Canada
10920.0 11900.0 240.0 88.0 that
11208.0 11904.0 196.0 84.0 has
11456.0 11908.0 188.0 80.0 not
11692.0 11900.0 268.0 88.0 been
12016.0 11900.0 520.0 100.0 seriously
12588.0 11900.0 112.0 84.0 af-

10436.0 12036.0 352.0 88.0 fected
10844.0 12036.0 132.0 104.0 by
11028.0 12040.0 188.0 84.0 the
11268.0 12040.0 556.0 96.0 European
11880.0 12060.0 244.0 64.0 war.
12272.0 12036.0 196.0 88.0 Joe
12520.0 12040.0 180.0 84.0 Bir-

10432.0 12172.0 544.0 104.0 mingham
11064.0 12180.0 116.0 80.0 at
11268.0 12176.0 464.0 84.0 Toronto
11820.0 12172.0 208.0 84.0 and
12120.0 12176.0 228.0 84.0 Dan
12432.0 12172.0 268.0 88.0 How-

10436.0 12312.0 172.0 100.0 ley
10680.0 12316.0 112.0 84.0 at
10872.0 12312.0 556.0 104.0 Montreal,
11508.0 12332.0 184.0 64.0 are
11764.0 12308.0 256.0 88.0 both
12100.0 12308.0 352.0 88.0 clever
12524.0 12304.0 204.0 88.0 and

10436.0 12444.0 696.0 104.0 experienced
11184.0 12464.0 600.0 80.0 managers,
11836.0 12444.0 208.0 84.0 and
12096.0 12464.0 188.0 68.0 are
12328.0 12444.0 400.0 88.0 backed

10436.0 12580.0 140.0 104.0 by
10652.0 12580.0 228.0 88.0 real
10968.0 12584.0 632.0 104.0 sportsmen,
11688.0 12580.0 240.0 84.0 who
12008.0 12580.0 272.0 84.0 have
12364.0 12584.0 364.0 84.0 shown

10432.0 12716.0 284.0 88.0 their
10764.0 12716.0 540.0 100.0 liberality
11352.0 12716.0 204.0 84.0 and
11612.0 12736.0 564.0 80.0 gameness
12232.0 12736.0 132.0 68.0 on
12416.0 12736.0 312.0 84.0 many

10432.0 12852.0 556.0 88.0 occasions
11056.0 12856.0 108.0 80.0 in
11224.0 12852.0 184.0 88.0 the
11472.0 12856.0 272.0 100.0 past.

10552.0 13012.0 172.0 88.0 All
10816.0 13012.0 368.0 104.0 things
11276.0 13008.0 656.0 108.0 considered,
12028.0 13012.0 184.0 92.0 the
12304.0 13016.0 424.0 84.0 outlook

10428.0 13152.0 172.0 88.0 for
10644.0 13152.0 184.0 88.0 the
10876.0 13152.0 776.0 92.0 International
11696.0 13152.0 376.0 104.0 league
12120.0 13152.0 92.0 88.0 is
12264.0 13172.0 256.0 80.0 very
10428.0 13172.0 2272.0 224.0 encouraging.

10448.0 13648.0 2280.0 408.0 BASEBALL

10584.0 14112.0 2056.0 384.0 STORIES

10552.0 14604.0 224.0 88.0 The
10852.0 14600.0 352.0 92.0 White
11284.0 14604.0 208.0 88.0 Sox
11560.0 14604.0 216.0 88.0 will
11848.0 14604.0 192.0 88.0 not
12108.0 14620.0 292.0 68.0 wear
12468.0 14592.0 264.0 88.0 dark

10424.0 14740.0 248.0 92.0 blue
10748.0 14740.0 264.0 92.0 road
11088.0 14744.0 524.0 84.0 uniforms
11692.0 14740.0 220.0 88.0 this
11992.0 14760.0 288.0 84.0 year.

10548.0 15016.0 232.0 104.0 Ray
10856.0 15016.0 544.0 104.0 Chapman
11484.0 15016.0 480.0 84.0 declares
12036.0 15012.0 188.0 84.0 the
12304.0 15008.0 428.0 84.0 Indians

10424.0 15152.0 272.0 88.0 have
10784.0 15176.0 204.0 64.0 one
11068.0 15152.0 112.0 88.0 of
11260.0 15152.0 184.0 88.0 the
11528.0 15152.0 240.0 88.0 best
11848.0 15148.0 420.0 88.0 infields
12356.0 15144.0 108.0 84.0 in
12552.0 15144.0 184.0 84.0 the

10428.0 15312.0 332.0 80.0 game.

10552.0 15564.0 212.0 84.0 Leo
10836.0 15560.0 292.0 88.0 Grim
11204.0 15564.0 112.0 84.0 of
11384.0 15560.0 564.0 104.0 Brooklyn.
12024.0 15556.0 124.0 88.0 N.
12224.0 15556.0 152.0 100.0 Y.,
12452.0 15556.0 92.0 84.0 is
12620.0 15556.0 116.0 80.0 to

10428.0 15700.0 128.0 88.0 be
10604.0 15700.0 548.0 104.0 president
11196.0 15700.0 112.0 84.0 of
11352.0 15700.0 184.0 88.0 the
11580.0 15720.0 232.0 64.0 new
11860.0 15696.0 584.0 84.0 Lancaster
12492.0 15688.0 240.0 88.0 club

10428.0 15840.0 108.0 84.0 of
10600.0 15840.0 184.0 84.0 the
10848.0 15836.0 476.0 88.0 Atlantic
11392.0 15836.0 396.0 100.0 league.

10556.0 16112.0 248.0 88.0 Otto
10892.0 16108.0 428.0 104.0 Jordan,
11404.0 16104.0 472.0 88.0 member
11964.0 16104.0 112.0 88.0 of
12164.0 16096.0 560.0 108.0 Campan's

10428.0 16248.0 268.0 100.0 Bing
10748.0 16244.0 240.0 88.0 1902
11044.0 16252.0 316.0 92.0 team,
11416.0 16244.0 196.0 84.0 has
11664.0 16244.0 396.0 88.0 retired
12116.0 16240.0 276.0 84.0 from
12444.0 16240.0 256.0 84.0 base-

10428.0 16388.0 208.0 84.0 ball
10700.0 16384.0 208.0 84.0 and
10968.0 16384.0 92.0 84.0 is
11124.0 16384.0 388.0 100.0 selling
11564.0 16380.0 732.0 84.0 automobiles.

10552.0 16656.0 432.0 88.0 Pitcher
11052.0 16656.0 352.0 100.0 Harry
11480.0 16656.0 420.0 100.0 Harper
11976.0 16652.0 112.0 84.0 of
12156.0 16652.0 184.0 84.0 the
12420.0 16648.0 280.0 88.0 Sena-

10428.0 16796.0 252.0 100.0 tors,
10780.0 16796.0 196.0 84.0 has
11076.0 16796.0 368.0 84.0 shown
11540.0 16788.0 584.0 88.0 wonderful
12224.0 16788.0 472.0 100.0 improve-

10424.0 16940.0 292.0 80.0 ment
10776.0 16936.0 292.0 80.0 since
11128.0 16928.0 520.0 100.0 rounding
11708.0 16928.0 220.0 84.0 into
11992.0 16928.0 304.0 84.0 form.

10548.0 17204.0 96.0 88.0 It
10740.0 17208.0 96.0 84.0 1b
10936.0 17204.0 512.0 100.0 Manager
11540.0 17200.0 356.0 88.0 Fohl's
11992.0 17200.0 528.0 84.0 intention
12616.0 17200.0 112.0 80.0 to

10428.0 17364.0 304.0 80.0 carry
10820.0 17344.0 248.0 100.0 only
11148.0 17344.0 212.0 80.0 two
11444.0 17340.0 360.0 100.0 utility
11892.0 17336.0 540.0 84.0 infielders
12520.0 17328.0 208.0 88.0 and

10424.0 17480.0 188.0 88.0 but
10672.0 17500.0 204.0 64.0 one
10932.0 17484.0 304.0 80.0 extra
11288.0 17476.0 556.0 84.0 outfielder
11904.0 17472.0 216.0 88.0 this
12188.0 17492.0 412.0 64.0 season.

10548.0 17752.0 288.0 88.0 Mike
10912.0 17748.0 436.0 104.0 O'Neill,
11420.0 17748.0 180.0 88.0 the
11672.0 17748.0 480.0 96.0 hustling
12224.0 17760.0 508.0 80.0 manager

10424.0 17888.0 112.0 88.0 of
10588.0 17892.0 176.0 84.0 the
10824.0 17888.0 524.0 100.0 Syracuse
11400.0 17888.0 284.0 84.0 team
11740.0 17884.0 108.0 84.0 of
11904.0 17884.0 176.0 84.0 the
12136.0 17880.0 252.0 88.0 New
12448.0 17880.0 280.0 84.0 York

10432.0 18028.0 296.0 84.0 State
10800.0 18024.0 404.0 100.0 league,
11280.0 18044.0 232.0 64.0 now
11588.0 18024.0 196.0 84.0 has
11860.0 18040.0 324.0 64.0 seven
12256.0 18020.0 472.0 100.0 pitchers

10428.0 18188.0 132.0 64.0 on
10616.0 18164.0 172.0 84.0 his
10848.0 18164.0 280.0 84.0 staff.

10548.0 18436.0 276.0 100.0 Billy
10916.0 18436.0 548.0 84.0 Hamilton
11552.0 18452.0 352.0 64.0 seems
11992.0 18436.0 108.0 80.0 to
12184.0 18428.0 276.0 88.0 have
12548.0 18428.0 180.0 84.0 the

10428.0 18572.0 604.0 88.0 Worcester
11124.0 18576.0 244.0 80.0 fans
11460.0 18572.0 256.0 84.0 with
11816.0 18568.0 244.0 84.0 him.
12220.0 18568.0 168.0 84.0 He
12480.0 18584.0 248.0 80.0 says

10428.0 18712.0 136.0 84.0 he
10624.0 18712.0 304.0 100.0 plans
10996.0 18712.0 108.0 84.0 to
11172.0 18712.0 176.0 84.0 cut
11412.0 18712.0 188.0 84.0 out
11664.0 18708.0 184.0 84.0 the
11908.0 18704.0 464.0 104.0 groucho
12444.0 18700.0 288.0 104.0 stuff,

10428.0 18868.0 260.0 64.0 once
10744.0 18848.0 168.0 84.0 his
10972.0 18848.0 544.0 100.0 specialty.

10548.0 19120.0 420.0 104.0 Johnny
11024.0 19120.0 384.0 100.0 Lavan,
11468.0 19120.0 232.0 84.0 who
11752.0 19112.0 376.0 108.0 played
12184.0 19116.0 544.0 100.0 shortstop

10432.0 19260.0 164.0 84.0 for
10676.0 19260.0 180.0 84.0 the
10940.0 19260.0 432.0 80.0 Browns
11460.0 19256.0 164.0 84.0 for
11712.0 19252.0 412.0 88.0 several
12212.0 19276.0 340.0 76.0 years,
12640.0 19252.0 88.0 84.0 is

10432.0 19400.0 180.0 96.0 apt
10700.0 19400.0 104.0 80.0 to
10892.0 19396.0 248.0 84.0 beat
11228.0 19396.0 184.0 84.0 out
11492.0 19392.0 324.0 84.0 Ernie
11900.0 19392.0 508.0 100.0 Johnson,
12492.0 19388.0 236.0 84.0 who

10432.0 19536.0 280.0 80.0 went
10768.0 19536.0 108.0 80.0 to
10936.0 19532.0 180.0 84.0 the
11176.0 19532.0 432.0 80.0 Browns
11672.0 19532.0 272.0 80.0 from
12004.0 19528.0 184.0 84.0 the
12248.0 19528.0 300.0 84.0 Feds.

10556.0 19804.0 492.0 84.0 "Honus"
11136.0 19804.0 456.0 100.0 Wagner
11676.0 19804.0 376.0 100.0 during
12136.0 19804.0 168.0 84.0 hi3
12388.0 19804.0 344.0 84.0 entire

10432.0 19964.0 364.0 64.0 career
10844.0 19944.0 196.0 84.0 has
11088.0 19964.0 324.0 64.0 never
11464.0 19940.0 260.0 88.0 been
11768.0 19964.0 60.0 60.0 a
11876.0 19940.0 460.0 88.0 holdout.
12388.0 19940.0 336.0 84.0 When

10432.0 20100.0 64.0 64.0 a
10576.0 20100.0 200.0 80.0 guy
10868.0 20080.0 488.0 84.0 becomes
11444.0 20100.0 116.0 64.0 so
11644.0 20076.0 556.0 104.0 proficient
12280.0 20076.0 236.0 88.0 that
12596.0 20080.0 132.0 80.0 ha

10436.0 20220.0 356.0 80.0 writes
10840.0 20216.0 164.0 84.0 his
11052.0 20240.0 232.0 60.0 own
11340.0 20220.0 536.0 84.0 contracts
11924.0 20216.0 172.0 84.0 it's
12144.0 20220.0 188.0 80.0 not
12376.0 20236.0 320.0 64.0 neces-

10432.0 20376.0 244.0 76.0 sary
10736.0 20360.0 104.0 80.0 to
10896.0 20352.0 240.0 84.0 hold
11196.0 20360.0 208.0 80.0 out.

10556.0 20628.0 348.0 100.0 Roger
10984.0 20628.0 612.0 84.0 Bresnahan
11680.0 20628.0 364.0 88.0 thinks
12124.0 20628.0 136.0 84.0 he
12340.0 20628.0 372.0 100.0 canno(

10432.0 20772.0 432.0 92.0 operate
10928.0 20784.0 64.0 68.0 a
11052.0 20768.0 280.0 80.0 team
11396.0 20768.0 704.0 96.0 successfully
12160.0 20768.0 256.0 84.0 with
12480.0 20768.0 236.0 96.0 only

10436.0 20900.0 112.0 84.0 16
10616.0 20904.0 420.0 100.0 players
11100.0 20904.0 204.0 84.0 and
11372.0 20904.0 136.0 84.0 he
11564.0 20900.0 196.0 88.0 lias
11824.0 20904.0 404.0 84.0 started
12296.0 20924.0 60.0 64.0 a
12424.0 20920.0 304.0 68.0 move

10432.0 21044.0 108.0 80.0 to
10592.0 21036.0 268.0 88.0 have
10916.0 21040.0 176.0 84.0 the
11144.0 21040.0 556.0 84.0 American
11760.0 21040.0 640.0 84.0 association
12444.0 21044.0 276.0 80.0 team

10436.0 21176.0 268.0 88.0 limit
10776.0 21176.0 548.0 84.0 increased
11396.0 21184.0 108.0 80.0 to
11576.0 21176.0 144.0 88.0 17.

10564.0 21452.0 276.0 84.0 Most
10900.0 21452.0 204.0 84.0 ball
11176.0 21452.0 416.0 100.0 players
11656.0 21456.0 100.0 80.0 in
11820.0 21452.0 184.0 88.0 the
12060.0 21452.0 172.0 100.0 big
12296.0 21452.0 428.0 100.0 leagues

10436.0 21612.0 176.0 60.0 are
10676.0 21592.0 772.0 96.0 superstitious.
11572.0 21592.0 264.0 84.0 Jack
11892.0 21592.0 504.0 80.0 Fcurnier
12456.0 21588.0 268.0 88.0 feels

10432.0 21724.0 136.0 88.0 he
10604.0 21728.0 88.0 80.0 is
10736.0 21724.0 336.0 100.0 losing
11112.0 21748.0 60.0 64.0 a
11212.0 21728.0 252.0 84.0 base
11512.0 21728.0 160.0 84.0 hit
11708.0 21728.0 300.0 84.0 when
12056.0 21728.0 132.0 84.0 he
12240.0 21748.0 372.0 80.0 passes
12664.0 21748.0 56.0 64.0 a

10436.0 21864.0 400.0 100.0 cripple
10896.0 21864.0 444.0 84.0 without
11400.0 21868.0 356.0 100.0 giving
11816.0 21864.0 212.0 84.0 him
12096.0 21868.0 620.0 96.0 sometning.

10436.0 22000.0 216.0 84.0 The
10764.0 22000.0 172.0 100.0 big
11040.0 22000.0 652.0 88.0 Frenchman
11804.0 22004.0 288.0 80.0 loves
12200.0 22004.0 168.0 84.0 his
12472.0 22004.0 256.0 88.0 base

10432.0 22136.0 248.0 96.0 hits,
10728.0 22140.0 344.0 84.0 which
11124.0 22140.0 88.0 84.0 is
11260.0 22164.0 60.0 60.0 a
11360.0 22140.0 268.0 104.0 good
11684.0 22140.0 292.0 100.0 thing
12032.0 22140.0 160.0 84.0 for
12240.0 22140.0 188.0 88.0 the
10436.0 22144.0 2288.0 232.0 crip-pl8

12836.0 1432.0 912.0 192.0 'THIEVER'
13876.0 1428.0 776.0 192.0 FINALLY
14772.0 1424.0 376.0 200.0 OUT

12832.0 1972.0 388.0 136.0 Three
13296.0 1972.0 488.0 136.0 Assists
13868.0 1972.0 584.0 160.0 Required
14524.0 1980.0 128.0 128.0 to
14744.0 1976.0 400.0 132.0 Retire

13320.0 2188.0 276.0 128.0 Man
13672.0 2184.0 544.0 164.0 Stealing
14296.0 2188.0 372.0 132.0 Base.

12832.0 2692.0 384.0 84.0 Throw
13296.0 2696.0 296.0 80.0 From
13668.0 2692.0 456.0 88.0 Catcher
14204.0 2692.0 232.0 84.0 Hits
14516.0 2692.0 416.0 84.0 Pitcher
15000.0 2712.0 132.0 60.0 on-

12988.0 2844.0 324.0 104.0 Head,
13408.0 2844.0 556.0 104.0 Shortstop
14060.0 2844.0 448.0 84.0 Catches
14612.0 2848.0 80.0 80.0 It
14780.0 2844.0 204.0 80.0 and

13140.0 3000.0 252.0 104.0 Nips
13468.0 3000.0 420.0 80.0 Runner
13948.0 3004.0 108.0 76.0 at
14112.0 2996.0 320.0 84.0 Third
14584.0 2996.0 252.0 80.0 How

13284.0 3156.0 376.0 84.0 Scorer
13748.0 3148.0 436.0 104.0 Figured
14284.0 3148.0 80.0 84.0 It
14452.0 3148.0 232.0 88.0 Out.

12964.0 3420.0 392.0 88.0 Claude
13408.0 3420.0 352.0 100.0 Berry,
13820.0 3420.0 396.0 84.0 former
14260.0 3420.0 428.0 84.0 catcher
14740.0 3420.0 164.0 80.0 for
14952.0 3416.0 192.0 84.0 the

12840.0 3556.0 612.0 104.0 Pittsburgh
13516.0 3556.0 300.0 100.0 Feds,
13876.0 3560.0 244.0 84.0 tells
14176.0 3560.0 216.0 84.0 this
14448.0 3580.0 240.0 64.0 one:

12964.0 3696.0 288.0 88.0 "One
13328.0 3696.0 204.0 104.0 day
13604.0 3696.0 316.0 84.0 while
13992.0 3704.0 40.0 84.0 I
14108.0 3716.0 216.0 64.0 was
14404.0 3696.0 492.0 96.0 catching
14972.0 3692.0 168.0 84.0 for

12836.0 3836.0 184.0 88.0 the
13100.0 3836.0 364.0 88.0 Dallas
13564.0 3836.0 344.0 100.0 (Tex.)
14012.0 3840.0 280.0 80.0 team
14376.0 3856.0 68.0 60.0 a
14520.0 3852.0 392.0 64.0 runner
15000.0 3848.0 136.0 64.0 on

12836.0 3972.0 236.0 88.0 first
13132.0 3972.0 404.0 88.0 started
13596.0 3980.0 112.0 80.0 to
13768.0 3972.0 272.0 88.0 steal
14104.0 3968.0 416.0 88.0 second.
14648.0 3968.0 40.0 84.0 I
14732.0 3964.0 404.0 104.0 pegged

12844.0 4112.0 396.0 88.0 toward
13356.0 4112.0 184.0 84.0 the
13648.0 4108.0 256.0 88.0 base
14012.0 4108.0 188.0 88.0 but
14304.0 4128.0 192.0 64.0 our
14600.0 4104.0 416.0 104.0 pitcher

12836.0 4248.0 432.0 88.0 Walker
13400.0 4248.0 200.0 84.0 had
13704.0 4248.0 372.0 84.0 moved
14176.0 4252.0 180.0 80.0 out
14452.0 4244.0 112.0 88.0 of
14656.0 4244.0 184.0 88.0 the
14936.0 4240.0 208.0 84.0 box

12836.0 4388.0 284.0 84.0 after
13168.0 4388.0 132.0 84.0 he
13352.0 4384.0 528.0 88.0 delivered
13940.0 4384.0 180.0 88.0 the
14168.0 4384.0 248.0 96.0 ball,
14464.0 4380.0 204.0 88.0 and
14728.0 4376.0 412.0 88.0 walked

12840.0 4524.0 224.0 88.0 into
13124.0 4524.0 188.0 88.0 the
13368.0 4524.0 368.0 88.0 throw.

12968.0 4664.0 284.0 84.0 "The
13320.0 4660.0 208.0 88.0 ball
13596.0 4664.0 160.0 84.0 hit
13820.0 4660.0 436.0 88.0 Walker
14324.0 4684.0 132.0 64.0 on
14524.0 4664.0 180.0 100.0 top
14776.0 4656.0 112.0 88.0 of
14956.0 4656.0 188.0 88.0 the

12836.0 4800.0 304.0 108.0 head,
13224.0 4800.0 200.0 88.0 and
13508.0 4824.0 120.0 60.0 as
13708.0 4800.0 432.0 88.0 Walker
14220.0 4796.0 460.0 104.0 dropped
14764.0 4804.0 112.0 80.0 to
14956.0 4796.0 192.0 84.0 the-

12844.0 4940.0 400.0 100.0 ground
13324.0 4940.0 184.0 88.0 the
13584.0 4936.0 212.0 88.0 ball
13876.0 4936.0 484.0 88.0 bounded
14440.0 4936.0 248.0 100.0 high
14772.0 4936.0 104.0 80.0 in
14956.0 4932.0 192.0 88.0 the

12844.0 5080.0 180.0 84.0 air.
13192.0 5076.0 224.0 88.0 The
13484.0 5100.0 392.0 64.0 runner
13940.0 5076.0 204.0 84.0 had
14216.0 5072.0 452.0 88.0 reached
14748.0 5068.0 392.0 88.0 second

12844.0 5216.0 136.0 100.0 by
13052.0 5216.0 240.0 88.0 that
13364.0 5220.0 288.0 104.0 time,
13732.0 5216.0 204.0 84.0 and
14012.0 5220.0 188.0 80.0 not
14284.0 5216.0 300.0 96.0 Being
14664.0 5212.0 180.0 84.0 the
14924.0 5204.0 224.0 88.0 ball-

12852.0 5356.0 104.0 80.0 in
13064.0 5356.0 244.0 100.0 play
13416.0 5352.0 312.0 88.0 raced
13844.0 5356.0 168.0 84.0 for
14116.0 5348.0 312.0 92.0 third.
14640.0 5344.0 204.0 88.0 But
14956.0 5364.0 200.0 64.0 our

12848.0 5492.0 540.0 100.0 shortstop
13476.0 5512.0 216.0 64.0 saw
13776.0 5492.0 184.0 88.0 the
14044.0 5488.0 244.0 100.0 ball,
14380.0 5484.0 388.0 100.0 caught
14852.0 5484.0 84.0 84.0 It
15020.0 5500.0 132.0 64.0 as

12848.0 5628.0 84.0 88.0 It
12988.0 5648.0 300.0 68.0 came
13352.0 5628.0 300.0 88.0 down
13712.0 5628.0 208.0 88.0 and
13984.0 5624.0 484.0 104.0 whipped
14540.0 5628.0 80.0 84.0 it
14684.0 5628.0 108.0 84.0 to
14856.0 5616.0 292.0 92.0 third

12848.0 5768.0 104.0 84.0 in
13008.0 5768.0 256.0 84.0 time
13320.0 5772.0 108.0 84.0 to
13484.0 5772.0 184.0 96.0 put
13724.0 5772.0 180.0 84.0 out
13960.0 5768.0 184.0 88.0 the
14196.0 5784.0 424.0 64.0 runner.

12972.0 5904.0 284.0 88.0 "The
13348.0 5904.0 376.0 88.0 official
13824.0 5924.0 364.0 68.0 scorer
14272.0 5896.0 472.0 92.0 credited
14840.0 5896.0 320.0 88.0 three

12848.0 6064.0 240.0 64.0 men
13160.0 6044.0 260.0 88.0 with
13488.0 6068.0 132.0 60.0 an
13692.0 6044.0 356.0 88.0 assist.
14188.0 6044.0 160.0 84.0 He
14424.0 6060.0 272.0 80.0 gave
14768.0 6056.0 168.0 64.0 me
15008.0 6052.0 140.0 64.0 an

12848.0 6180.0 328.0 88.0 assist
13228.0 6180.0 452.0 88.0 because
13740.0 6184.0 36.0 84.0 I
13832.0 6180.0 204.0 88.0 had
14096.0 6176.0 308.0 88.0 made
14456.0 6176.0 188.0 88.0 the
14692.0 6172.0 460.0 100.0 original

12848.0 6320.0 368.0 104.0 throw,
13280.0 6320.0 136.0 84.0 he
13476.0 6340.0 264.0 84.0 gave
13800.0 6340.0 196.0 68.0 one
14056.0 6324.0 112.0 84.0 to
14232.0 6320.0 180.0 84.0 the
14476.0 6312.0 440.0 104.0 pitcher,
14984.0 6312.0 168.0 84.0 be-

12852.0 6480.0 316.0 64.0 cause
13236.0 6456.0 168.0 88.0 his
13472.0 6456.0 268.0 88.0 head
13812.0 6456.0 208.0 88.0 had
14092.0 6452.0 512.0 88.0 deflected
14680.0 6452.0 184.0 88.0 the
14928.0 6440.0 220.0 92.0 ball

12848.0 6600.0 112.0 84.0 to
13052.0 6596.0 180.0 88.0 the
13324.0 6596.0 572.0 108.0 shortstop,
13984.0 6592.0 236.0 108.0 and,
14316.0 6596.0 108.0 84.0 of
14516.0 6608.0 408.0 84.0 course,
15012.0 6584.0 144.0 84.0 he

12852.0 6756.0 268.0 80.0 gave
13180.0 6756.0 200.0 64.0 one
13444.0 6740.0 116.0 84.0 to
13620.0 6732.0 184.0 88.0 the
13868.0 6732.0 544.0 100.0 shortstop
14480.0 6728.0 168.0 84.0 for
14716.0 6724.0 436.0 100.0 making

12848.0 6872.0 184.0 88.0 the
13108.0 6876.0 336.0 84.0 throw
13516.0 6880.0 108.0 80.0 to
13692.0 6868.0 376.0 92.0 third."

12980.0 7012.0 356.0 108.0 Berry,
13396.0 7008.0 136.0 104.0 by
13588.0 7008.0 188.0 88.0 the
13832.0 7028.0 260.0 84.0 way,
14152.0 7008.0 96.0 84.0 is
14308.0 7000.0 480.0 92.0 believed
14848.0 7012.0 112.0 76.0 to
15020.0 6996.0 132.0 88.0 be

12852.0 7148.0 184.0 84.0 the
13116.0 7148.0 248.0 100.0 only
13444.0 7148.0 432.0 84.0 catcher
13952.0 7144.0 236.0 84.0 who
14268.0 7140.0 432.0 108.0 jumped
14784.0 7140.0 224.0 84.0 into
15088.0 7156.0 64.0 64.0 a

12848.0 7284.0 652.0 100.0 grandstand
13552.0 7284.0 280.0 84.0 after
13876.0 7304.0 60.0 64.0 a
13984.0 7280.0 220.0 88.0 foul
14248.0 7280.0 216.0 84.0 ball
14508.0 7276.0 204.0 88.0 and
14764.0 7276.0 400.0 100.0 caught

12852.0 7424.0 116.0 88.0 it.
13136.0 7424.0 164.0 84.0 He
13368.0 7420.0 596.0 100.0 performed
14032.0 7420.0 188.0 84.0 the
14288.0 7416.0 280.0 88.0 trick
14636.0 7416.0 308.0 84.0 when
15020.0 7412.0 144.0 84.0 he

12852.0 7580.0 220.0 64.0 was
13156.0 7560.0 104.0 84.0 in
13348.0 7560.0 208.0 84.0 San
13640.0 7556.0 568.0 88.0 Francisco
14288.0 7556.0 104.0 84.0 in
14476.0 7548.0 272.0 88.0 1908.

12984.0 7692.0 420.0 104.0 Berry's
13472.0 7696.0 312.0 84.0 other
13848.0 7696.0 312.0 84.0 claim
14228.0 7696.0 116.0 84.0 to
14412.0 7692.0 280.0 84.0 fame
14764.0 7692.0 92.0 84.0 is
14924.0 7688.0 240.0 84.0 that

12856.0 7836.0 380.0 100.0 during
13300.0 7832.0 184.0 88.0 the
13548.0 7852.0 380.0 64.0 season
13992.0 7832.0 112.0 84.0 of
14164.0 7828.0 524.0 88.0 1908-1909
14752.0 7828.0 104.0 84.0 in
14904.0 7824.0 220.0 88.0 Cali-

12860.0 7972.0 352.0 84.0 fornia
13340.0 7972.0 500.0 96.0 covering
13908.0 7988.0 64.0 64.0 a
14040.0 7964.0 456.0 104.0 straight
14568.0 7964.0 404.0 84.0 stretch
15052.0 7964.0 116.0 84.0 of

12864.0 8112.0 108.0 84.0 12
13032.0 8108.0 428.0 88.0 months
13592.0 8108.0 140.0 84.0 he
13784.0 8108.0 388.0 96.0 caught
14228.0 8104.0 112.0 88.0 34
14400.0 8124.0 392.0 80.0 games,
14848.0 8100.0 316.0 84.0 while

12856.0 8248.0 260.0 84.0 with
13196.0 8244.0 184.0 88.0 the
13468.0 8244.0 208.0 84.0 San
13768.0 8244.0 568.0 84.0 Francisco
14420.0 8248.0 312.0 80.0 team.
14884.0 8236.0 280.0 88.0 That

12860.0 8404.0 368.0 64.0 means
13284.0 8380.0 132.0 88.0 he
13468.0 8380.0 424.0 84.0 worked
13944.0 8376.0 368.0 104.0 nearly
14368.0 8396.0 320.0 84.0 every
14740.0 8372.0 204.0 100.0 day
15000.0 8372.0 168.0 84.0 for

12860.0 8540.0 64.0 64.0 a
12984.0 8540.0 280.0 84.0 year.

12872.0 8796.0 372.0 136.0 WILL
13372.0 8796.0 388.0 132.0 HELP
13884.0 8792.0 436.0 136.0 GIANT
14440.0 8788.0 728.0 140.0 OUTFIELD

12872.0 9124.0 344.0 84.0 Roush
13328.0 9124.0 348.0 84.0 Starts
13780.0 9120.0 116.0 84.0 at
13992.0 9116.0 344.0 88.0 Crack
14440.0 9120.0 112.0 84.0 of
14660.0 9112.0 192.0 84.0 Bat
14956.0 9112.0 204.0 84.0 and

12980.0 9260.0 572.0 104.0 Judgment
13608.0 9256.0 116.0 84.0 of
13788.0 9256.0 176.0 104.0 Fly
14032.0 9256.0 276.0 84.0 Balls
14380.0 9256.0 88.0 80.0 Is
14540.0 9256.0 508.0 100.0 Uncanny

13524.0 9396.0 248.0 84.0 Also
13868.0 9392.0 280.0 84.0 Hard
14244.0 9392.0 380.0 84.0 Hitter.

12984.0 9668.0 336.0 84.0 Eddie
13412.0 9664.0 392.0 100.0 Roush,
13892.0 9664.0 236.0 84.0 who
14220.0 9684.0 300.0 64.0 came
14612.0 9660.0 276.0 84.0 from
14980.0 9660.0 184.0 84.0 the

12864.0 9800.0 440.0 92.0 Federal
13376.0 9804.0 376.0 100.0 league
13828.0 9800.0 256.0 88.0 with
14160.0 9800.0 404.0 84.0 Bennie
14640.0 9796.0 352.0 108.0 Kauff,
15072.0 9796.0 100.0 84.0 Is-

12864.0 9940.0 344.0 88.0 bound
13284.0 9944.0 116.0 84.0 to
13468.0 9960.0 328.0 80.0 prove
13864.0 9960.0 68.0 64.0 a
14000.0 9936.0 180.0 104.0 big
14248.0 9936.0 244.0 104.0 help
14564.0 9936.0 116.0 88.0 to
14748.0 9936.0 188.0 84.0 the
15008.0 9932.0 124.0 84.0 Gi-

12864.0 10084.0 184.0 80.0 ant
13100.0 10076.0 464.0 92.0 outfield.

12988.0 10216.0 168.0 84.0 He
13220.0 10216.0 92.0 84.0 is
13380.0 10236.0 64.0 64.0 a
13508.0 10212.0 264.0 88.0 hard
13836.0 10208.0 340.0 92.0 hitter
14236.0 10208.0 208.0 88.0 and
14508.0 10232.0 68.0 64.0 a
14636.0 10204.0 552.0 88.0 remarka-
12864.0 10264.0 2488.0 176.0 -ble

13096.0 10348.0 396.0 92.0 fielder.
13620.0 10352.0 172.0 84.0 He
13852.0 10356.0 332.0 80.0 starts
14248.0 10356.0 112.0 80.0 at
14420.0 10348.0 192.0 88.0 the
14672.0 10344.0 316.0 88.0 crack
15052.0 10364.0 60.0 64.0 o

13620.0 14700.0 324.0 84.0 Eddie
14024.0 14700.0 380.0 92.0 Roush.

12868.0 14924.0 180.0 84.0 the
13116.0 14920.0 180.0 88.0 bat
13364.0 14920.0 200.0 88.0 and
13636.0 14920.0 168.0 84.0 hiB
13872.0 14920.0 552.0 104.0 Judgment
14488.0 14924.0 116.0 84.0 of
14672.0 14924.0 136.0 100.0 fly
14880.0 14920.0 288.0 92.0 ballfr

12864.0 15060.0 96.0 84.0 is
13032.0 15080.0 516.0 76.0 uncanny.

12992.0 15196.0 160.0 84.0 He
13228.0 15216.0 216.0 64.0 was
13524.0 15216.0 64.0 64.0 a
13656.0 15192.0 436.0 88.0 holdout
14168.0 15196.0 164.0 80.0 for
14408.0 15216.0 64.0 64.0 a
14548.0 15192.0 344.0 108.0 while,
14968.0 15192.0 192.0 88.0 but

12864.0 15328.0 136.0 88.0 he
13052.0 15332.0 360.0 96.0 finally
13464.0 15352.0 296.0 64.0 came
13808.0 15336.0 116.0 80.0 to
13972.0 15336.0 328.0 80.0 terms
14352.0 15328.0 256.0 88.0 with
14660.0 15328.0 184.0 88.0 the
14896.0 15332.0 264.0 84.0 New

12868.0 15464.0 280.0 88.0 York
13244.0 15464.0 264.0 92.0 club.

12876.0 15744.0 520.0 128.0 WILLIE
13504.0 15740.0 572.0 132.0 KEELER
14180.0 15740.0 176.0 132.0 AS
14464.0 15740.0 708.0 132.0 MANAGER

12876.0 16064.0 428.0 84.0 Former
13416.0 16060.0 244.0 84.0 New
13772.0 16060.0 276.0 84.0 York
14160.0 16060.0 424.0 84.0 Yankee
14696.0 16060.0 244.0 84.0 Star
15044.0 16068.0 124.0 80.0 to

12984.0 16200.0 288.0 84.0 Have
13332.0 16196.0 404.0 104.0 Charge
13800.0 16200.0 112.0 80.0 of
13964.0 16196.0 588.0 84.0 Allentown
14616.0 16196.0 256.0 88.0 Club
14940.0 16196.0 112.0 84.0 In

13376.0 16336.0 768.0 100.0 Pennsylvania
14204.0 16336.0 436.0 100.0 League.

12980.0 16600.0 356.0 88.0 Willie
13428.0 16600.0 384.0 88.0 Keeler
13904.0 16600.0 88.0 84.0 Is
14080.0 16604.0 116.0 84.0 to
14280.0 16600.0 200.0 84.0 don
14576.0 16604.0 184.0 84.0 the
14852.0 16628.0 264.0 76.0 span-

12864.0 16740.0 224.0 100.0 gles
13152.0 16760.0 264.0 64.0 once
13468.0 16760.0 316.0 64.0 more.
13908.0 16744.0 252.0 80.0 Wee
14216.0 16740.0 376.0 96.0 Willie,
14656.0 16744.0 504.0 84.0 one-time

12868.0 16876.0 424.0 84.0 wonder
13364.0 16876.0 300.0 88.0 with,
13700.0 16876.0 176.0 84.0 the
13956.0 16872.0 176.0 88.0 bat
14208.0 16876.0 204.0 84.0 and
14492.0 16876.0 100.0 84.0 in
14676.0 16880.0 180.0 80.0 the
14936.0 16888.0 188.0 80.0 out-

12860.0 17012.0 272.0 100.0 field,
13212.0 17012.0 192.0 84.0 has
13476.0 17012.0 264.0 84.0 been
13820.0 17012.0 368.0 100.0 signed
14264.0 17016.0 108.0 80.0 to
14444.0 17032.0 448.0 84.0 manage
14964.0 17020.0 200.0 84.0 tho

12864.0 17152.0 584.0 84.0 Allentown
13552.0 17148.0 232.0 84.0 club
13880.0 17152.0 112.0 80.0 of
14088.0 17148.0 180.0 88.0 the
14364.0 17148.0 792.0 104.0 Pennsylvania

12864.0 17292.0 304.0 84.0 State
13256.0 17288.0 400.0 96.0 league.
13844.0 17280.0 388.0 88.0 Keeler
14316.0 17284.0 196.0 88.0 has
14600.0 17292.0 188.0 80.0 not
14876.0 17288.0 276.0 88.0 been

12860.0 17428.0 352.0 84.0 active
13304.0 17424.0 104.0 84.0 in
13504.0 17416.0 472.0 88.0 baseball
14072.0 17424.0 288.0 84.0 since
14456.0 17424.0 128.0 84.0 he
14680.0 17428.0 192.0 88.0 left
14968.0 17432.0 188.0 84.0 the

12860.0 17560.0 256.0 88.0 New
13200.0 17560.0 284.0 84.0 York
13568.0 17556.0 516.0 88.0 Yankees.
14268.0 17560.0 160.0 84.0 He
14516.0 17584.0 216.0 64.0 was
14820.0 17568.0 324.0 80.0 coach

12860.0 17700.0 256.0 84.0 with
13176.0 17696.0 184.0 88.0 the
13420.0 17692.0 524.0 104.0 Superbas
14000.0 17696.0 164.0 84.0 for
14220.0 17720.0 64.0 60.0 a
14340.0 17696.0 308.0 88.0 while
14708.0 17700.0 200.0 84.0 and
14972.0 17704.0 184.0 84.0 did

12860.0 17856.0 296.0 64.0 some
13228.0 17836.0 488.0 100.0 scouting
13780.0 17832.0 316.0 108.0 work,
14172.0 17832.0 184.0 88.0 but
14428.0 17836.0 104.0 80.0 in
14608.0 17836.0 180.0 84.0 the
14860.0 17844.0 292.0 80.0 main

12864.0 17968.0 140.0 88.0 he
13108.0 17968.0 500.0 88.0 attended
13724.0 17976.0 348.0 96.0 pretty
14184.0 17972.0 412.0 100.0 strictly
14708.0 17980.0 108.0 80.0 to
14928.0 17976.0 228.0 84.0 real

12860.0 18112.0 344.0 80.0 estate
13296.0 18104.0 488.0 88.0 business
13880.0 18108.0 96.0 84.0 in
14080.0 18108.0 552.0 100.0 Brooklyn.
14760.0 18108.0 400.0 88.0 Keeler

12860.0 18264.0 220.0 64.0 was
13132.0 18244.0 660.0 100.0 approached
13852.0 18244.0 252.0 84.0 with
14160.0 18244.0 280.0 88.0 what
14500.0 18244.0 372.0 88.0 looked
14932.0 18252.0 224.0 84.0 like

12856.0 18404.0 64.0 60.0 a
12964.0 18380.0 260.0 104.0 good
13280.0 18384.0 644.0 100.0 proposition
13980.0 18384.0 100.0 84.0 in
14128.0 18384.0 624.0 100.0 Allentown,
14796.0 18388.0 372.0 84.0 where

12864.0 18520.0 80.0 84.0 it
13008.0 18520.0 92.0 84.0 is
13172.0 18520.0 632.0 84.0 understood
13876.0 18520.0 132.0 84.0 he
14080.0 18520.0 204.0 84.0 will
14360.0 18520.0 268.0 84.0 have
14696.0 18540.0 60.0 64.0 a
14828.0 18520.0 280.0 88.0 finan-

12860.0 18656.0 200.0 84.0 cial
13128.0 18656.0 444.0 84.0 interest
13636.0 18656.0 104.0 80.0 in
13804.0 18656.0 180.0 84.0 the
14048.0 18656.0 264.0 84.0 club.
14476.0 18656.0 436.0 88.0 Willie's
14980.0 18660.0 128.0 84.0 ad-

12860.0 18796.0 252.0 80.0 vent
13200.0 18812.0 120.0 64.0 as
13408.0 18812.0 64.0 60.0 a
13556.0 18812.0 504.0 76.0 manager
14144.0 18792.0 208.0 84.0 will
14448.0 18792.0 124.0 88.0 be
14668.0 18796.0 484.0 84.0 watched

12860.0 18928.0 252.0 84.0 with
13180.0 18932.0 300.0 96.0 great
13548.0 18928.0 472.0 88.0 interest.

12872.0 19208.0 508.0 132.0 MONEY
13464.0 19208.0 336.0 132.0 TIED
13892.0 19208.0 180.0 132.0 UP
14164.0 19212.0 132.0 128.0 IN
14392.0 19212.0 768.0 132.0 BASEBALL

12864.0 19528.0 624.0 100.0 Interesting
13600.0 19528.0 680.0 104.0 Comparison
14400.0 19532.0 88.0 80.0 Is
14604.0 19532.0 296.0 84.0 Made
15020.0 19536.0 124.0 104.0 by

12980.0 19664.0 556.0 104.0 Secretary
13640.0 19660.0 452.0 108.0 Langtry
14184.0 19668.0 108.0 80.0 of
14380.0 19668.0 552.0 88.0 American

13464.0 19800.0 456.0 104.0 Bowling
13984.0 19804.0 556.0 100.0 Congress.

12972.0 20072.0 92.0 84.0 It
13132.0 20076.0 92.0 84.0 is
13292.0 20072.0 224.0 84.0 said
13588.0 20076.0 232.0 80.0 that
13884.0 20072.0 616.0 100.0 $34,000,000
14568.0 20080.0 88.0 80.0 is
14728.0 20080.0 208.0 84.0 tied
15012.0 20104.0 148.0 76.0 up

12856.0 20212.0 92.0 84.0 In
13016.0 20212.0 468.0 84.0 baseball
13552.0 20212.0 100.0 80.0 in
13716.0 20212.0 208.0 84.0 this
13988.0 20220.0 472.0 92.0 country,
14588.0 20212.0 568.0 104.0 Secretary

12856.0 20348.0 456.0 100.0 Langtry
13368.0 20348.0 112.0 84.0 of
13536.0 20348.0 180.0 84.0 the
13768.0 20348.0 560.0 84.0 American
14388.0 20352.0 472.0 100.0 Bowling
14920.0 20376.0 192.0 60.0 con-

12856.0 20508.0 288.0 76.0 gress
13208.0 20484.0 320.0 84.0 offers
13588.0 20508.0 132.0 60.0 an
13784.0 20484.0 632.0 104.0 interesting
14480.0 20492.0 664.0 96.0 comparison

12852.0 20620.0 468.0 88.0 between
13424.0 20624.0 184.0 80.0 the
13700.0 20644.0 376.0 76.0 money
14176.0 20624.0 480.0 84.0 invested
14760.0 20628.0 104.0 84.0 in
14964.0 20632.0 188.0 84.0 the.

12852.0 20760.0 460.0 84.0 national
13392.0 20760.0 292.0 96.0 sport
13756.0 20760.0 204.0 84.0 and
14036.0 20760.0 104.0 84.0 in
14220.0 20760.0 480.0 100.0 bowling.

12972.0 20896.0 164.0 84.0 Ho
13188.0 20916.0 248.0 80.0 says
13492.0 20900.0 296.0 80.0 there
13844.0 20916.0 184.0 64.0 are
14084.0 20916.0 284.0 68.0 more
14428.0 20900.0 252.0 84.0 than
14744.0 20900.0 408.0 100.0 200,000

12852.0 21032.0 448.0 100.0 bowling
13392.0 21032.0 332.0 100.0 alleys
13812.0 21036.0 104.0 84.0 in
14008.0 21032.0 176.0 88.0 the
14276.0 21036.0 384.0 84.0 United
14752.0 21040.0 396.0 96.0 States,

12852.0 21168.0 196.0 88.0 and
13136.0 21168.0 256.0 84.0 each
13484.0 21192.0 204.0 64.0 one
13768.0 21176.0 612.0 96.0 represents
14464.0 21196.0 132.0 60.0 an
14688.0 21200.0 460.0 72.0 average

12852.0 21312.0 224.0 80.0 cost
13160.0 21308.0 108.0 84.0 of
13352.0 21308.0 272.0 96.0 ?500,
13712.0 21308.0 424.0 100.0 barring
14220.0 21312.0 268.0 100.0 pins,
14576.0 21312.0 268.0 88.0 batls
14932.0 21316.0 212.0 84.0 and

12852.0 21448.0 256.0 112.0 pent,
13196.0 21448.0 96.0 80.0 in
13380.0 21448.0 188.0 84.0 the
13644.0 21452.0 316.0 80.0 event
14040.0 21448.0 176.0 84.0 the
14300.0 21468.0 500.0 84.0 manager
14884.0 21452.0 264.0 84.0 does

12852.0 21588.0 176.0 100.0 pot
13080.0 21604.0 228.0 64.0 own
13364.0 21580.0 168.0 88.0 his
13584.0 21604.0 232.0 64.0 own
13872.0 21584.0 500.0 100.0 building.

12972.0 21720.0 252.0 84.0 This
13276.0 21720.0 336.0 84.0 would
13668.0 21720.0 304.0 88.0 make
14028.0 21744.0 60.0 64.0 a
14136.0 21724.0 260.0 84.0 total
14456.0 21724.0 112.0 84.0 of
14612.0 21720.0 496.0 104.0 $100,000,-

12852.0 21856.0 168.0 88.0 000
13084.0 21860.0 100.0 80.0 in
13248.0 21860.0 332.0 96.0 alleys
13644.0 21860.0 336.0 96.0 alone,
14040.0 21860.0 248.0 84.0 with
14356.0 21860.0 552.0 100.0 $1,000,000
14972.0 21868.0 168.0 84.0 for

12852.0 22000.0 256.0 120.0 pins,
13188.0 21996.0 668.0 100.0 considering
13932.0 22000.0 232.0 84.0 that
14240.0 22004.0 248.0 80.0 each
14572.0 22004.0 276.0 96.0 alley
14928.0 22004.0 204.0 84.0 had

12852.0 22136.0 236.0 96.0 only
13164.0 22156.0 204.0 64.0 one
13448.0 22136.0 168.0 84.0 set
13688.0 22136.0 116.0 84.0 of
13880.0 22136.0 264.0 100.0 pins.
14296.0 22140.0 272.0 80.0 Most
14652.0 22144.0 108.0 80.0 cf
14852.0 22140.0 284.0 84.0 them

12852.0 22268.0 260.0 88.0 have
13204.0 22268.0 200.0 88.0 five
13500.0 22292.0 116.0 64.0 or
13708.0 22296.0 304.0 64.0 more
14088.0 22272.0 208.0 92.0 and
14392.0 22276.0 180.0 88.0 the
14660.0 22280.0 508.0 84.0 nominal,

12852.0 22408.0 220.0 88.0 cost
13132.0 22408.0 108.0 84.0 of
13292.0 22432.0 64.0 64.0 a
13412.0 22416.0 168.0 84.0 set
13632.0 22412.0 92.0 88.0 is
13784.0 22408.0 148.0 104.0 $5.
