15532 22956
5980.0 464.0 696.0 116.0 BEAVER
6752.0 472.0 712.0 116.0 COUNTY
7544.0 476.0 532.0 128.0 N'.tWS,
8152.0 484.0 836.0 128.0 MILFORD,
9064.0 496.0 484.0 112.0 UTATI

488.0 832.0 632.0 392.0 BRIEF
1280.0 840.0 816.0 400.0 REVIEW
2256.0 840.0 256.0 400.0 OF

672.0 1296.0 128.0 400.0 A
960.0 1304.0 816.0 624.0 WEEjra
1952.0 1320.0 816.0 392.0 EVENTS

468.0 2100.0 540.0 92.0 RECORD
1184.0 2112.0 164.0 80.0 OF
1528.0 2116.0 268.0 80.0 THE
1980.0 2116.0 784.0 88.0 IMPORTANT

864.0 2260.0 852.0 88.0 HAPPENINGS
1804.0 2272.0 120.0 76.0 IN
2020.0 2272.0 312.0 80.0 ITEM-

1280.0 2420.0 292.0 84.0 IZED
1676.0 2424.0 352.0 80.0 FORM

460.0 2920.0 340.0 88.0 Home
888.0 2928.0 200.0 80.0 and
1192.0 2928.0 428.0 104.0 Foreign
1788.0 2932.0 300.0 84.0 News
2244.0 2932.0 520.0 88.0 Gathered

592.0 3072.0 300.0 84.0 From
980.0 3080.0 152.0 80.0 All
1224.0 3080.0 500.0 88.0 Quarters
1808.0 3088.0 104.0 80.0 of
1992.0 3088.0 176.0 84.0 the
2256.0 3088.0 384.0 100.0 World,

784.0 3228.0 124.0 80.0 nd
1016.0 3236.0 516.0 100.0 Prepared
1636.0 3236.0 164.0 80.0 for
1900.0 3244.0 268.0 100.0 Busy
2280.0 3240.0 228.0 84.0 Men

1028.0 3640.0 1176.0 92.0 INTERMOUNTAIN.

572.0 3776.0 340.0 104.0 Cyrus
1060.0 3788.0 152.0 84.0 W.
1368.0 3788.0 384.0 84.0 Shores
1912.0 3816.0 220.0 60.0 was
2280.0 3792.0 484.0 84.0 declared

432.0 3924.0 388.0 76.0 ousted
908.0 3924.0 260.0 84.0 from
1252.0 3924.0 176.0 84.0 the
1500.0 3932.0 312.0 76.0 office
1888.0 3932.0 104.0 80.0 of
2068.0 3924.0 284.0 88.0 chief
2424.0 3932.0 108.0 84.0 of
2612.0 3948.0 124.0 80.0 po-

436.0 4052.0 208.0 88.0 lieo
740.0 4056.0 92.0 84.0 In
928.0 4060.0 224.0 96.0 Salt
1240.0 4064.0 280.0 84.0 Lake
1612.0 4064.0 232.0 104.0 City
1936.0 4064.0 128.0 104.0 by
2152.0 4088.0 64.0 64.0 a
2296.0 4068.0 468.0 84.0 decision

444.0 4196.0 412.0 84.0 handed
948.0 4196.0 296.0 88.0 down
1340.0 4204.0 96.0 80.0 In
1524.0 4204.0 176.0 84.0 the
1844.0 4212.0 280.0 76.0 state
2276.0 4224.0 488.0 80.0 supreme

432.0 4344.0 336.0 72.0 court.
904.0 4336.0 220.0 84.0 The
1188.0 4348.0 296.0 76.0 court
1556.0 4344.0 296.0 80.0 holds
1924.0 4344.0 180.0 84.0 Mr.
2176.0 4344.0 384.0 84.0 Shores
2632.0 4344.0 96.0 84.0 in-

432.0 4468.0 436.0 100.0 wligihle
976.0 4480.0 164.0 80.0 for
1244.0 4480.0 172.0 80.0 the
1524.0 4480.0 448.0 96.0 position
2088.0 4480.0 444.0 84.0 because
2640.0 4476.0 124.0 84.0 he

444.0 4628.0 216.0 64.0 was
732.0 4616.0 176.0 80.0 not
976.0 4636.0 60.0 60.0 a
1104.0 4616.0 488.0 96.0 qualified
1664.0 4620.0 400.0 84.0 elector
2128.0 4620.0 108.0 80.0 of
2300.0 4612.0 176.0 88.0 the
2544.0 4616.0 216.0 100.0 city

436.0 4756.0 116.0 72.0 at
628.0 4744.0 176.0 84.0 the
880.0 4752.0 252.0 84.0 time
1272.0 4756.0 108.0 80.0 of
1516.0 4756.0 160.0 84.0 his
1816.0 4756.0 760.0 100.0 appointment,
2660.0 4756.0 100.0 84.0 in

436.0 4884.0 504.0 100.0 Jiuiuary.

568.0 5036.0 848.0 92.0 Anti-American
1508.0 5044.0 580.0 84.0 sentiment
2168.0 5044.0 104.0 88.0 in
2360.0 5044.0 400.0 84.0 Mexico

436.0 5176.0 92.0 80.0 Is
592.0 5176.0 656.0 100.0 decreasing,
1316.0 5184.0 96.0 80.0 in
1480.0 5184.0 172.0 80.0 the
1716.0 5184.0 424.0 96.0 opinion
2200.0 5184.0 112.0 80.0 of
2372.0 5184.0 388.0 96.0 Bishop

436.0 5312.0 440.0 84.0 Francis
960.0 5316.0 84.0 88.0 .1.
1132.0 5316.0 604.0 88.0 McConnell
1816.0 5324.0 112.0 80.0 of
2004.0 5324.0 444.0 96.0 Denver,
2532.0 5320.0 228.0 84.0 who

432.0 5456.0 492.0 92.0 reported
1004.0 5464.0 96.0 76.0 to
1176.0 5460.0 172.0 80.0 the
1488.0 5456.0 572.0 88.0 Methodist
2200.0 5456.0 556.0 100.0 Episcopal

432.0 5592.0 432.0 88.0 Koneral
1080.0 5596.0 632.0 84.0 conference
1924.0 5600.0 108.0 80.0 at
2248.0 5596.0 516.0 96.0 Saratoga

436.0 5728.0 476.0 96.0 Springs,
988.0 5732.0 112.0 84.0 N.
1176.0 5732.0 144.0 100.0 Y.,
1396.0 5732.0 172.0 84.0 the
1644.0 5736.0 392.0 80.0 results
2108.0 5732.0 108.0 84.0 of
2284.0 5732.0 440.0 84.0 mission-

424.0 5884.0 196.0 80.0 ary
696.0 5868.0 288.0 84.0 work
1060.0 5868.0 96.0 84.0 In
1240.0 5872.0 228.0 88.0 that
1536.0 5876.0 472.0 96.0 country,
2088.0 5892.0 248.0 64.0 over
2416.0 5868.0 332.0 84.0 which

432.0 6000.0 132.0 84.0 he.
624.0 6004.0 188.0 88.0 has
868.0 6008.0 532.0 96.0 episcopal
1460.0 6008.0 696.0 96.0 jurisdiction.

560.0 6156.0 588.0 100.0 Suspected
1204.0 6164.0 108.0 80.0 of
1368.0 6164.0 312.0 100.0 being
1732.0 6164.0 368.0 84.0 Rafael
2152.0 6160.0 372.0 104.0 Lopez,
2576.0 6160.0 180.0 88.0 the

428.0 6296.0 520.0 96.0 Bingham
1020.0 6296.0 572.0 100.0 murderer,
1660.0 6320.0 60.0 64.0 a
1796.0 6300.0 508.0 100.0 Mexican,
2372.0 6304.0 380.0 80.0 known

432.0 6436.0 136.0 96.0 by
644.0 6436.0 176.0 84.0 the
900.0 6456.0 308.0 64.0 name
1284.0 6440.0 108.0 80.0 of
1480.0 6436.0 412.0 84.0 Manuel
1976.0 6440.0 364.0 96.0 Hevla,
2420.0 6436.0 88.0 84.0 Is
2584.0 6456.0 136.0 64.0 un-

428.0 6576.0 192.0 80.0 der
700.0 6576.0 344.0 80.0 arrest
1132.0 6572.0 96.0 84.0 In
1316.0 6576.0 312.0 96.0 Altin,
1716.0 6576.0 108.0 84.0 B.
1908.0 6572.0 136.0 104.0 C,
2128.0 6584.0 140.0 92.0 by
2344.0 6576.0 180.0 84.0 the
2604.0 6596.0 116.0 60.0 or-

428.0 6704.0 188.0 84.0 der
688.0 6708.0 112.0 84.0 of
876.0 6708.0 388.0 88.0 Sheriff
1332.0 6708.0 272.0 88.0 John
1680.0 6712.0 96.0 88.0 S.
1848.0 6708.0 424.0 88.0 Coiiess
2344.0 6716.0 108.0 84.0 of
2528.0 6708.0 224.0 88.0 Salt

428.0 6836.0 320.0 116.0 Lake,
820.0 6848.0 204.0 84.0 and
1100.0 6848.0 84.0 84.0 is
1256.0 6848.0 308.0 100.0 being
1640.0 6848.0 236.0 88.0 held
1952.0 6848.0 156.0 88.0 for
2180.0 6848.0 544.0 84.0 identifica-

424.0 6980.0 256.0 88.0 tion.
560.0 7132.0 448.0 100.0 Reports
1096.0 7140.0 264.0 84.0 from
1452.0 7144.0 444.0 96.0 Ottawa,
1976.0 7140.0 464.0 100.0 Canada,
2524.0 7160.0 192.0 64.0 con-

428.0 7272.0 360.0 92.0 tained
872.0 7276.0 172.0 84.0 the
1128.0 7280.0 684.0 84.0 information
1896.0 7280.0 232.0 88.0 that
2204.0 7280.0 276.0 84.0 John
2564.0 7280.0 152.0 84.0 Ed-

424.0 7412.0 384.0 100.0 wards,
880.0 7416.0 232.0 84.0 who
1176.0 7436.0 272.0 80.0 gave
1520.0 7420.0 164.0 80.0 his
1756.0 7420.0 548.0 84.0 residence
2380.0 7440.0 128.0 64.0 on
2584.0 7440.0 132.0 64.0 en-

428.0 7548.0 372.0 100.0 listing
872.0 7572.0 116.0 64.0 as
1100.0 7552.0 224.0 84.0 Salt
1432.0 7556.0 284.0 84.0 Lake
1828.0 7556.0 268.0 100.0 City,
2204.0 7556.0 192.0 84.0 has
2512.0 7556.0 232.0 84.0 died

420.0 7688.0 276.0 84.0 from
808.0 7692.0 424.0 84.0 wounds
1328.0 7692.0 480.0 84.0 received
1912.0 7716.0 128.0 64.0 on
2140.0 7692.0 176.0 88.0 the
2416.0 7692.0 332.0 88.0 battle

424.0 7824.0 272.0 84.0 lines
780.0 7828.0 100.0 84.0 in
960.0 7828.0 440.0 104.0 Europe.

548.0 7980.0 224.0 84.0 The
860.0 7980.0 680.0 104.0 Progressive
1684.0 7992.0 280.0 80.0 slate
2104.0 7984.0 636.0 88.0 convention

420.0 8108.0 240.0 88.0 held
748.0 8120.0 108.0 80.0 at
940.0 8120.0 404.0 88.0 Seattle
1424.0 8124.0 404.0 84.0 elected
1912.0 8124.0 480.0 84.0 fourteen
2480.0 8124.0 232.0 84.0 dele-

400.0 8256.0 324.0 88.0 gates
832.0 8260.0 104.0 80.0 to
1040.0 8260.0 176.0 88.0 the
1320.0 8264.0 472.0 80.0 national
1896.0 8264.0 632.0 80.0 convention
2640.0 8264.0 100.0 80.0 in

408.0 8384.0 472.0 104.0 Chicago
968.0 8396.0 200.0 84.0 and
1260.0 8396.0 584.0 88.0 instructed
1936.0 8404.0 284.0 80.0 them
2308.0 8404.0 112.0 80.0 to
2500.0 8404.0 240.0 80.0 vote

412.0 8532.0 172.0 84.0 t'or
644.0 8528.0 172.0 92.0 the
876.0 8532.0 652.0 88.0 nomination
1588.0 8536.0 108.0 84.0 of
1752.0 8536.0 548.0 84.0 Theodore
2364.0 8540.0 340.0 80.0 Roose

412.0 8664.0 252.0 84.0 velt.
812.0 8668.0 156.0 84.0 No
1044.0 8668.0 532.0 100.0 objection
1664.0 8696.0 208.0 60.0 was
1948.0 8672.0 348.0 88.0 raised
2380.0 8676.0 100.0 84.0 to
2556.0 8676.0 180.0 84.0 the

412.0 8800.0 504.0 100.0 adoption
1048.0 8808.0 112.0 84.0 of
1276.0 8832.0 60.0 60.0 a
1464.0 8816.0 368.0 96.0 strong
1964.0 8812.0 772.0 104.0 preparedness

408.0 8940.0 356.0 96.0 plank.

1224.0 9100.0 712.0 88.0 DOMESTIC.

532.0 9240.0 88.0 80.0 A
728.0 9240.0 400.0 88.0 violent
1232.0 9244.0 616.0 88.0 windstorm
1956.0 9244.0 336.0 88.0 which
2400.0 9248.0 328.0 100.0 swept

404.0 9376.0 616.0 92.0 Minnesota
1088.0 9384.0 200.0 84.0 and
1364.0 9388.0 292.0 96.0 parts
1728.0 9384.0 108.0 88.0 of
1908.0 9388.0 336.0 84.0 North
2324.0 9384.0 408.0 88.0 Dakota

400.0 9520.0 208.0 80.0 and
688.0 9524.0 456.0 80.0 western
1228.0 9520.0 596.0 88.0 Wisconsin
1904.0 9524.0 452.0 104.0 Monday
2432.0 9528.0 300.0 100.0 night

400.0 9660.0 392.0 84.0 caused
872.0 9664.0 732.0 84.0 considerable
1684.0 9668.0 496.0 100.0 property
2252.0 9668.0 476.0 100.0 damage.

396.0 9800.0 148.0 80.0 At
632.0 9800.0 248.0 88.0 Two
980.0 9800.0 500.0 100.0 Harbors,
1576.0 9804.0 352.0 100.0 Minn.,
2020.0 9824.0 64.0 64.0 a
2176.0 9828.0 240.0 64.0 man
2516.0 9828.0 208.0 64.0 was

396.0 9936.0 328.0 84.0 killed
824.0 9936.0 128.0 104.0 by
1104.0 9936.0 552.0 104.0 lightning.
1816.0 9944.0 136.0 84.0 At
2108.0 9944.0 616.0 104.0 Crookston,

400.0 10076.0 360.0 100.0 Minn.,
832.0 10100.0 56.0 60.0 a
960.0 10076.0 608.0 88.0 tabernacle
1640.0 10100.0 216.0 64.0 was
1924.0 10084.0 508.0 84.0 unroofed
2508.0 10088.0 192.0 80.0 dur-

396.0 10212.0 188.0 100.0 ing
648.0 10212.0 496.0 104.0 services,
1212.0 10216.0 180.0 88.0 but
1460.0 10240.0 132.0 64.0 no
1656.0 10240.0 200.0 64.0 one
1924.0 10244.0 212.0 60.0 was
2208.0 10220.0 268.0 88.0 hurt.

524.0 10368.0 88.0 76.0 A
684.0 10368.0 376.0 84.0 robber
1124.0 10376.0 436.0 84.0 entered
1632.0 10372.0 176.0 84.0 the
1884.0 10372.0 496.0 88.0 National
2452.0 10372.0 276.0 88.0 bank

396.0 10512.0 112.0 80.0 at
588.0 10504.0 460.0 100.0 Francis,
1124.0 10508.0 328.0 100.0 Okla.,
1516.0 10512.0 456.0 84.0 covered
2044.0 10512.0 116.0 88.0 O.
2228.0 10512.0 116.0 84.0 G.
2420.0 10512.0 304.0 100.0 Rose,

396.0 10644.0 184.0 84.0 the
664.0 10644.0 448.0 104.0 cashier,
1196.0 10648.0 248.0 84.0 with
1528.0 10672.0 64.0 60.0 a
1668.0 10652.0 484.0 84.0 revolver
2236.0 10652.0 200.0 84.0 and
2524.0 10652.0 200.0 84.0 fled

396.0 10780.0 268.0 88.0 with,
740.0 10784.0 316.0 92.0 about
1140.0 10784.0 364.0 100.0 $4,000.

528.0 10932.0 236.0 88.0 Carl
832.0 10936.0 112.0 84.0 A.
1008.0 10936.0 588.0 108.0 Luederitz,
1660.0 10936.0 456.0 88.0 German
2180.0 10940.0 368.0 88.0 consul
2612.0 10944.0 112.0 84.0 at

396.0 11076.0 612.0 100.0 Baltimore,
1112.0 11076.0 228.0 100.0 Md.,
1444.0 11100.0 216.0 64.0 was
1756.0 11080.0 464.0 88.0 indicted
2320.0 11080.0 132.0 104.0 by
2544.0 11084.0 180.0 84.0 the

392.0 11212.0 412.0 84.0 federal
852.0 11216.0 332.0 100.0 grand
1240.0 11216.0 236.0 104.0 jury
1532.0 11224.0 108.0 80.0 at
1692.0 11220.0 256.0 80.0 New
2004.0 11220.0 312.0 100.0 York,
2368.0 11216.0 324.0 104.0 charg-

392.0 11352.0 128.0 88.0 ed
592.0 11352.0 248.0 84.0 with
912.0 11356.0 564.0 100.0 procuring
1540.0 11376.0 60.0 64.0 a
1664.0 11360.0 268.0 88.0 false
2004.0 11368.0 496.0 92.0 passport
2564.0 11360.0 164.0 84.0 for

388.0 11492.0 340.0 84.0 Horst
804.0 11508.0 196.0 68.0 von
1076.0 11496.0 184.0 84.0 der
1328.0 11492.0 332.0 104.0 Goltz,
1732.0 11500.0 564.0 84.0 confessed
2372.0 11520.0 224.0 80.0 spy.

524.0 11644.0 224.0 88.0 The
804.0 11644.0 236.0 100.0 jury
1100.0 11652.0 104.0 80.0 at
1264.0 11648.0 256.0 84.0 New
1580.0 11648.0 284.0 88.0 York
1924.0 11648.0 336.0 88.0 which
2324.0 11656.0 160.0 84.0 for
2544.0 11656.0 180.0 84.0 ten

388.0 11784.0 264.0 100.0 days
740.0 11784.0 328.0 92.0 heard
1156.0 11788.0 580.0 104.0 testimony
1820.0 11796.0 108.0 80.0 at
2020.0 11788.0 176.0 84.0 the
2280.0 11792.0 248.0 84.0 trial
2612.0 11792.0 112.0 88.0 of

392.0 11920.0 400.0 92.0 Robert
852.0 11924.0 244.0 104.0 Fay,
1156.0 11948.0 64.0 64.0 a
1272.0 11928.0 400.0 84.0 former
1728.0 11928.0 592.0 88.0 lieutenant
2380.0 11928.0 100.0 88.0 In
2540.0 11932.0 180.0 88.0 the

320.0 12100.0 20.0 16.0 -
388.0 12060.0 464.0 88.0 German
1000.0 12084.0 340.0 84.0 army;
1444.0 12068.0 408.0 84.0 Walter
2000.0 12068.0 368.0 84.0 Scholz
2516.0 12068.0 204.0 84.0 and

388.0 12196.0 264.0 88.0 Paul
724.0 12200.0 448.0 100.0 Daeche,
1232.0 12204.0 468.0 100.0 charged
1772.0 12208.0 252.0 88.0 with
2092.0 12208.0 628.0 100.0 conspiracy

392.0 12344.0 116.0 80.0 to
584.0 12340.0 432.0 100.0 destroy
1096.0 12344.0 576.0 84.0 munitions
1820.0 12344.0 300.0 104.0 ships
2264.0 12348.0 456.0 100.0 through

384.0 12480.0 316.0 80.0 bomb
772.0 12480.0 772.0 104.0 contrivances,
1616.0 12488.0 500.0 84.0 returned
2188.0 12508.0 60.0 64.0 a
2316.0 12488.0 400.0 88.0 verdict

384.0 12616.0 112.0 84.0 of
564.0 12620.0 340.0 104.0 guilty
972.0 12624.0 424.0 96.0 against
1468.0 12624.0 136.0 84.0 all
1680.0 12624.0 172.0 88.0 the
1928.0 12628.0 668.0 84.0 defendants.

520.0 12768.0 716.0 96.0 Government
1364.0 12780.0 460.0 100.0 officers,
1960.0 12804.0 244.0 76.0 says
2328.0 12800.0 136.0 68.0 an
2596.0 12780.0 120.0 84.0 El

388.0 12908.0 276.0 88.0 Paso
752.0 12912.0 516.0 104.0 dispatch,
1352.0 12936.0 180.0 68.0 are
1620.0 12920.0 564.0 100.0 searching
2272.0 12920.0 156.0 84.0 for
2512.0 12924.0 204.0 80.0 two

388.0 13068.0 276.0 80.0 men,
744.0 13072.0 200.0 64.0 one
1024.0 13076.0 132.0 64.0 an
1232.0 13056.0 572.0 88.0 American
1880.0 13060.0 200.0 84.0 and
2160.0 13056.0 176.0 88.0 the
2408.0 13060.0 312.0 84.0 other

380.0 13212.0 76.0 60.0 a
520.0 13188.0 508.0 104.0 Mexican,
1104.0 13196.0 224.0 84.0 who
1396.0 13220.0 180.0 60.0 are
1640.0 13196.0 476.0 88.0 believed
2184.0 13204.0 108.0 80.0 to
2352.0 13200.0 128.0 84.0 be
2548.0 13200.0 136.0 84.0 im-

388.0 13324.0 460.0 100.0 plicated
908.0 13332.0 100.0 80.0 in
1072.0 13328.0 176.0 88.0 the
1308.0 13332.0 536.0 100.0 shipment
1900.0 13336.0 108.0 84.0 of
2064.0 13336.0 284.0 100.0 large
2412.0 13360.0 272.0 76.0 quan-

380.0 13464.0 304.0 88.0 tities
768.0 13468.0 108.0 88.0 of
960.0 13468.0 572.0 88.0 munitions
1620.0 13476.0 276.0 80.0 from,
1968.0 13476.0 220.0 84.0 this
2264.0 13484.0 448.0 92.0 country

384.0 13608.0 112.0 80.0 to
560.0 13608.0 436.0 84.0 Mexico.

508.0 13760.0 676.0 88.0 "Wholesome
1268.0 13768.0 204.0 84.0 and
1556.0 13764.0 576.0 88.0 nutritious
2224.0 13768.0 236.0 88.0 food
2556.0 13768.0 160.0 84.0 for

380.0 13920.0 72.0 60.0 a
528.0 13900.0 372.0 96.0 family
976.0 13904.0 116.0 88.0 of
1168.0 13904.0 196.0 84.0 five
1436.0 13912.0 396.0 76.0 cannot
1912.0 13904.0 124.0 88.0 be
2120.0 13908.0 592.0 100.0 purchased

384.0 14036.0 104.0 80.0 in
560.0 14036.0 180.0 84.0 the
804.0 14036.0 252.0 84.0 New
1124.0 14036.0 284.0 88.0 York
1468.0 14044.0 416.0 84.0 market
1948.0 14044.0 164.0 84.0 for
2172.0 14044.0 212.0 84.0 less
2456.0 14044.0 252.0 84.0 than

384.0 14168.0 272.0 104.0 $7.30
720.0 14196.0 56.0 60.0 a
840.0 14180.0 320.0 96.0 week,
1220.0 14180.0 568.0 100.0 according
1844.0 14188.0 108.0 76.0 to
2016.0 14180.0 692.0 88.0 calculations

372.0 14308.0 316.0 88.0 made
768.0 14312.0 136.0 100.0 by
984.0 14316.0 176.0 84.0 the
1236.0 14316.0 676.0 100.0 department
1984.0 14324.0 108.0 80.0 of
2164.0 14320.0 364.0 84.0 health
2600.0 14320.0 112.0 80.0 of

376.0 14448.0 188.0 84.0 the
624.0 14452.0 220.0 100.0 city
900.0 14452.0 112.0 88.0 of
1076.0 14452.0 252.0 84.0 New
1400.0 14456.0 312.0 84.0 York.

512.0 14600.0 324.0 104.0 Forty
908.0 14604.0 524.0 88.0 thousand
1576.0 14612.0 392.0 84.0 miners
2108.0 14612.0 204.0 84.0 and
2448.0 14616.0 260.0 80.0 coke

376.0 14744.0 480.0 84.0 workers
916.0 14744.0 112.0 84.0 of
1092.0 14748.0 184.0 84.0 the
1348.0 14748.0 124.0 84.0 H.
1536.0 14748.0 112.0 88.0 C.
1716.0 14752.0 312.0 84.0 Frick
2096.0 14748.0 284.0 88.0 Coke
2448.0 14768.0 228.0 68.0 com-

368.0 14900.0 320.0 80.0 pany,
744.0 14904.0 60.0 60.0 a
860.0 14884.0 596.0 100.0 subsidiary
1504.0 14896.0 112.0 84.0 of
1672.0 14888.0 176.0 88.0 the
1904.0 14888.0 388.0 88.0 United
2352.0 14892.0 356.0 84.0 States

380.0 15016.0 288.0 88.0 Steel
764.0 15024.0 704.0 100.0 corporation,
1564.0 15028.0 268.0 84.0 have
1920.0 15028.0 264.0 84.0 been
2268.0 15028.0 436.0 84.0 notified

372.0 15160.0 120.0 84.0 of
548.0 15180.0 56.0 64.0 a
668.0 15180.0 292.0 80.0 wage
1024.0 15160.0 480.0 88.0 increase
1564.0 15164.0 112.0 84.0 of
1736.0 15168.0 48.0 80.0 5
1848.0 15180.0 104.0 80.0 to
2016.0 15164.0 112.0 88.0 10
2192.0 15188.0 180.0 80.0 per
2432.0 15172.0 272.0 96.0 cent,

372.0 15296.0 552.0 96.0 operative
1000.0 15300.0 240.0 100.0 May
1312.0 15304.0 80.0 84.0 S.

504.0 15448.0 408.0 104.0 George
984.0 15456.0 428.0 104.0 Jordan,
1488.0 15460.0 48.0 88.0 8
1612.0 15480.0 308.0 80.0 years
1988.0 15460.0 116.0 84.0 of
2176.0 15480.0 224.0 80.0 age,
2480.0 15480.0 192.0 64.0 con-

376.0 15588.0 360.0 84.0 fessed
872.0 15596.0 112.0 80.0 at
1116.0 15592.0 716.0 104.0 Portsmouth,
1900.0 15596.0 300.0 100.0 Ohio,
2276.0 15600.0 232.0 84.0 that
2576.0 15600.0 128.0 84.0 he

372.0 15724.0 324.0 88.0 killed
760.0 15728.0 168.0 84.0 his
992.0 15732.0 416.0 88.0 mother
1468.0 15736.0 252.0 84.0 with
1784.0 15756.0 64.0 64.0 a
1908.0 15732.0 492.0 104.0 shotgun.

508.0 15880.0 512.0 96.0 Opinions
1104.0 15884.0 112.0 84.0 of
1292.0 15908.0 684.0 80.0 newspapers
2064.0 15892.0 640.0 100.0 throughout

372.0 16020.0 188.0 84.0 the
644.0 16020.0 116.0 84.0 U.
840.0 16020.0 96.0 88.0 S.
1016.0 16044.0 252.0 80.0 vary
1348.0 16028.0 572.0 100.0 regarding
1988.0 16024.0 184.0 88.0 the
2244.0 16028.0 456.0 84.0 German

372.0 16156.0 308.0 100.0 reply
728.0 16164.0 108.0 80.0 to
892.0 16160.0 560.0 92.0 President
1512.0 16168.0 488.0 84.0 Wilson's
2056.0 16172.0 272.0 80.0 note.
2392.0 16168.0 312.0 100.0 Many

372.0 16292.0 432.0 104.0 leading
880.0 16320.0 380.0 76.0 papers
1336.0 16320.0 192.0 80.0 say
1600.0 16324.0 60.0 64.0 a
1732.0 16304.0 328.0 84.0 break
2136.0 16308.0 252.0 84.0 with
2468.0 16304.0 208.0 88.0 Ger-

372.0 16452.0 320.0 84.0 many
768.0 16436.0 88.0 84.0 is
932.0 16436.0 600.0 112.0 imminent;
1616.0 16440.0 368.0 88.0 others
2056.0 16444.0 312.0 84.0 insist
2440.0 16444.0 260.0 84.0 such

372.0 16568.0 360.0 92.0 action
832.0 16576.0 336.0 84.0 would
1260.0 16576.0 124.0 88.0 be
1476.0 16576.0 448.0 100.0 unwise;
2032.0 16580.0 216.0 84.0 still
2340.0 16580.0 360.0 88.0 others

372.0 16720.0 380.0 88.0 accept
820.0 16712.0 176.0 84.0 the
1064.0 16716.0 444.0 84.0 kaiser's
1580.0 16720.0 456.0 96.0 promise
2104.0 16740.0 124.0 64.0 as
2292.0 16720.0 412.0 104.0 solving

376.0 16848.0 188.0 84.0 the
624.0 16848.0 496.0 100.0 problem.

500.0 17000.0 144.0 84.0 At
744.0 17000.0 444.0 88.0 General
1364.0 17008.0 564.0 84.0 Funston's
2096.0 17016.0 604.0 96.0 temporary

376.0 17140.0 772.0 96.0 headquarters
1236.0 17148.0 108.0 80.0 at
1432.0 17148.0 120.0 84.0 El
1640.0 17144.0 272.0 88.0 Paso
2004.0 17148.0 76.0 84.0 it
2168.0 17172.0 216.0 64.0 was
2472.0 17152.0 224.0 84.0 said

372.0 17300.0 64.0 60.0 a
532.0 17300.0 492.0 80.0 message
1120.0 17280.0 200.0 88.0 had
1420.0 17284.0 268.0 84.0 been
1780.0 17288.0 484.0 84.0 received
2428.0 17288.0 272.0 88.0 from

376.0 17412.0 452.0 88.0 General
924.0 17416.0 516.0 104.0 Pershing
1524.0 17424.0 104.0 80.0 in
1716.0 17424.0 336.0 88.0 which
2136.0 17428.0 128.0 84.0 he
2348.0 17428.0 348.0 84.0 stated

376.0 17552.0 232.0 88.0 that
676.0 17556.0 128.0 84.0 he
864.0 17556.0 200.0 84.0 had
1128.0 17560.0 412.0 84.0 located
1604.0 17560.0 304.0 92.0 Villa.

508.0 17704.0 304.0 88.0 Sale6
892.0 17712.0 112.0 84.0 of
1092.0 17712.0 316.0 88.0 boxes
1504.0 17712.0 164.0 84.0 for
1752.0 17712.0 172.0 88.0 the
2016.0 17716.0 684.0 100.0 Progressive

372.0 17848.0 480.0 84.0 national
912.0 17852.0 648.0 84.0 convention
1636.0 17860.0 100.0 76.0 to
1808.0 17856.0 124.0 84.0 be
2000.0 17856.0 236.0 84.0 held
2308.0 17856.0 100.0 84.0 in
2480.0 17856.0 188.0 88.0 Chi-

376.0 18004.0 260.0 80.0 cago
724.0 17984.0 272.0 88.0 June
1088.0 17988.0 52.0 84.0 7
1224.0 17992.0 408.0 96.0 opened
1736.0 17992.0 236.0 100.0 May
2064.0 17996.0 80.0 84.0 5.
2304.0 17996.0 396.0 100.0 During

372.0 18124.0 188.0 88.0 the
640.0 18124.0 232.0 88.0 first
948.0 18128.0 200.0 80.0 few
1232.0 18128.0 316.0 84.0 hours
1628.0 18132.0 108.0 84.0 of
1816.0 18132.0 176.0 84.0 the
2076.0 18132.0 220.0 88.0 sale
2376.0 18156.0 320.0 64.0 seven

368.0 18264.0 328.0 84.0 boxes
772.0 18288.0 272.0 64.0 were
1104.0 18268.0 224.0 84.0 sold
1392.0 18272.0 168.0 80.0 for
1620.0 18272.0 236.0 100.0 $250
1924.0 18272.0 288.0 84.0 each.

500.0 18432.0 364.0 92.0 James
936.0 18432.0 128.0 84.0 M.
1132.0 18432.0 468.0 88.0 Sullivan
1664.0 18440.0 112.0 84.0 of
1836.0 18440.0 248.0 84.0 New
2156.0 18440.0 308.0 100.0 York,
2508.0 18440.0 164.0 88.0 for-

368.0 18572.0 340.0 100.0 merly
776.0 18572.0 564.0 84.0 American
1408.0 18576.0 488.0 84.0 minister
1956.0 18584.0 104.0 80.0 to
2132.0 18580.0 320.0 84.0 Santo
2516.0 18580.0 152.0 84.0 Do-

372.0 18712.0 392.0 100.0 mingo,
836.0 18712.0 188.0 84.0 has
1092.0 18712.0 264.0 84.0 been
1424.0 18716.0 480.0 84.0 arrested
1976.0 18716.0 100.0 84.0 in
2148.0 18716.0 376.0 84.0 Dublin
2568.0 18740.0 128.0 60.0 on

372.0 18848.0 184.0 88.0 the
636.0 18848.0 392.0 104.0 charge
1108.0 18852.0 108.0 84.0 of
1296.0 18852.0 604.0 100.0 complicity
1980.0 18860.0 108.0 80.0 in
2172.0 18860.0 176.0 80.0 the
2428.0 18856.0 268.0 84.0 Irish

368.0 18988.0 552.0 84.0 rebellion.

500.0 19152.0 228.0 88.0 The
796.0 19156.0 532.0 96.0 1,000-foot
1392.0 19160.0 264.0 84.0 dock
1716.0 19164.0 108.0 84.0 of
1888.0 19164.0 176.0 84.0 the
2124.0 19160.0 576.0 104.0 Delaware,

372.0 19296.0 748.0 84.0 Lackawanna
1212.0 19296.0 84.0 88.0 &
1396.0 19300.0 492.0 84.0 Western
1980.0 19300.0 456.0 84.0 railroad
2600.0 19304.0 96.0 84.0 in

372.0 19436.0 184.0 84.0 the
656.0 19436.0 332.0 84.0 North
1088.0 19436.0 276.0 88.0 river
1460.0 19444.0 108.0 76.0 at
1660.0 19436.0 256.0 84.0 New
2016.0 19436.0 308.0 100.0 York,
2484.0 19460.0 216.0 60.0 was

372.0 19572.0 520.0 100.0 damaged
980.0 19572.0 128.0 100.0 by
1192.0 19576.0 184.0 84.0 fire
1456.0 19572.0 252.0 84.0 with
1848.0 19596.0 136.0 64.0 an
2128.0 19576.0 568.0 88.0 estimated

376.0 19712.0 248.0 104.0 loss,
728.0 19708.0 536.0 104.0 including
1352.0 19712.0 396.0 100.0 freight
1848.0 19716.0 104.0 80.0 in
2048.0 19720.0 456.0 96.0 storage,
2596.0 19716.0 108.0 84.0 of

376.0 19848.0 492.0 100.0 $100,000.

508.0 20032.0 244.0 84.0 Mrs.
812.0 20032.0 360.0 84.0 James
1232.0 20036.0 84.0 84.0 J.
1380.0 20032.0 472.0 88.0 Sullivan
1912.0 20036.0 104.0 84.0 of
2076.0 20040.0 252.0 84.0 New
2388.0 20036.0 312.0 100.0 York,

372.0 20172.0 252.0 84.0 wife
684.0 20176.0 116.0 80.0 of
872.0 20172.0 172.0 88.0 the
1124.0 20172.0 388.0 88.0 former
1580.0 20176.0 564.0 84.0 American
2220.0 20176.0 484.0 88.0 minister

380.0 20316.0 104.0 84.0 to
568.0 20308.0 176.0 84.0 the
828.0 20308.0 620.0 88.0 Dominican
1532.0 20316.0 496.0 100.0 republic,
2112.0 20320.0 232.0 80.0 who
2484.0 20340.0 216.0 60.0 was

372.0 20448.0 488.0 88.0 arrested
936.0 20448.0 104.0 88.0 iu
1112.0 20452.0 380.0 84.0 Dublin
1568.0 20452.0 104.0 84.0 in
1880.0 20456.0 492.0 84.0 nnection
2456.0 20456.0 244.0 84.0 with

384.0 20588.0 180.0 84.0 the
624.0 20588.0 264.0 84.0 Irish
952.0 20588.0 544.0 100.0 rebellion,
1556.0 20592.0 192.0 84.0 has
1808.0 20596.0 488.0 96.0 reported
2364.0 20600.0 100.0 80.0 to
2524.0 20596.0 176.0 88.0 the

372.0 20728.0 568.0 84.0 American
1008.0 20728.0 492.0 100.0 embassy
1572.0 20728.0 232.0 88.0 that
1872.0 20732.0 296.0 84.0 there
2244.0 20756.0 208.0 64.0 was
2520.0 20744.0 180.0 76.0 not

376.0 20864.0 180.0 88.0 the
644.0 20864.0 500.0 100.0 slightest
1240.0 20868.0 284.0 84.0 basis
1676.0 20872.0 160.0 80.0 for
1988.0 20872.0 176.0 84.0 the
2312.0 20872.0 388.0 100.0 charge

372.0 21004.0 428.0 100.0 against
872.0 21004.0 184.0 88.0 her
1124.0 21004.0 512.0 88.0 husband.

512.0 21172.0 452.0 100.0 "Nigger
1036.0 21176.0 268.0 96.0 Liz,"
1372.0 21200.0 132.0 64.0 an
1576.0 21180.0 264.0 100.0 aged
1908.0 21204.0 472.0 76.0 negress,
2452.0 21180.0 244.0 84.0 with

376.0 21336.0 68.0 64.0 a
524.0 21316.0 596.0 96.0 reputation
1200.0 21336.0 120.0 64.0 as
1404.0 21336.0 64.0 64.0 a
1544.0 21320.0 400.0 80.0 voodoo
2024.0 21320.0 392.0 100.0 doctor,
2500.0 21320.0 196.0 88.0 and

372.0 21456.0 532.0 96.0 supposed
1008.0 21460.0 104.0 80.0 to
1212.0 21456.0 264.0 84.0 have
1576.0 21456.0 376.0 84.0 known
2056.0 21480.0 288.0 64.0 more
2448.0 21460.0 248.0 84.0 than

368.0 21612.0 216.0 80.0 any
672.0 21592.0 308.0 84.0 other
1072.0 21612.0 380.0 80.0 person
1544.0 21596.0 316.0 92.0 about
1956.0 21592.0 176.0 92.0 the
2224.0 21592.0 180.0 88.0 life
2500.0 21600.0 196.0 80.0 and

372.0 21728.0 396.0 88.0 crimes
864.0 21736.0 112.0 84.0 of
1084.0 21732.0 284.0 84.0 Belle
1476.0 21728.0 484.0 88.0 Gunness
2068.0 21736.0 108.0 80.0 of
2280.0 21732.0 424.0 88.0 Murder

380.0 21868.0 312.0 84.0 Karin
772.0 21872.0 560.0 96.0 notoriety,
1416.0 21868.0 88.0 84.0 is
1584.0 21872.0 260.0 84.0 dead
1924.0 21876.0 108.0 80.0 at
2112.0 21872.0 588.0 100.0 Lafayette,

352.0 22008.0 244.0 88.0 Jnd.

3012.0 840.0 404.0 80.0 Almost
3564.0 844.0 220.0 84.0 half
3928.0 868.0 64.0 60.0 a
4072.0 844.0 360.0 84.0 billion
4524.0 848.0 428.0 80.0 bushe'.s
5108.0 848.0 80.0 84.0 is

2884.0 976.0 172.0 80.0 the
3136.0 980.0 364.0 80.0 winter
3584.0 984.0 332.0 76.0 wheal,
3992.0 980.0 428.0 84.0 harvest
4500.0 988.0 452.0 80.0 forecast
5036.0 988.0 152.0 80.0 for

2884.0 1112.0 204.0 80.0 ibis
3176.0 1136.0 252.0 76.0 year
3516.0 1120.0 120.0 92.0 by
3728.0 1120.0 172.0 80.0 tin?
3992.0 1120.0 660.0 96.0 department
4740.0 1128.0 108.0 76.0 of
4932.0 1124.0 224.0 96.0 agri-

2880.0 1252.0 400.0 80.0 cuHur"
3364.0 1256.0 92.0 76.0 In
3544.0 1256.0 128.0 80.0 its
3760.0 1256.0 232.0 96.0 May
4068.0 1280.0 244.0 72.0 crop
4396.0 1276.0 376.0 76.0 report.
4916.0 1260.0 264.0 80.0 That

2880.0 1388.0 76.0 80.0 is
3060.0 1392.0 192.0 88.0 l.'j.l,
3272.0 1400.0 200.0 76.0 DUO,
3492.0 1396.0 168.0 76.0 Oku
3756.0 1392.0 420.0 80.0 bushels
4268.0 1396.0 208.0 80.0 less
4572.0 1396.0 244.0 84.0 than
4968.0 1400.0 192.0 80.0 har-

2880.0 1532.0 352.0 76.0 vested
3320.0 1528.0 200.0 80.0 last
3608.0 1552.0 276.0 72.0 year,
3972.0 1528.0 288.0 80.0 when
4348.0 1552.0 56.0 60.0 a
4492.0 1536.0 404.0 80.0 world's
4984.0 1556.0 168.0 60.0 rec-

2868.0 1660.0 176.0 80.0 ord
3132.0 1684.0 244.0 76.0 crop
3468.0 1684.0 204.0 60.0 was
3756.0 1668.0 504.0 92.0 gathered
4352.0 1668.0 96.0 80.0 in
4536.0 1672.0 176.0 80.0 the
4796.0 1672.0 380.0 84.0 United

2872.0 1800.0 380.0 80.0 Slates.

2992.0 1948.0 216.0 84.0 The
3276.0 1960.0 596.0 76.0 movement
3936.0 1960.0 104.0 80.0 to
4104.0 1956.0 304.0 100.0 equip
4472.0 1956.0 176.0 84.0 the
4712.0 1960.0 464.0 84.0 national

2864.0 2088.0 320.0 92.0 guard
3276.0 2092.0 240.0 80.0 wtih
3600.0 2096.0 624.0 96.0 aeroplanes
4308.0 2100.0 440.0 96.0 through
4836.0 2100.0 344.0 96.0 public

2868.0 2224.0 768.0 100.0 subscriptions
3748.0 2232.0 188.0 80.0 has
4056.0 2232.0 260.0 84.0 been
4436.0 2236.0 516.0 80.0 extended
5076.0 2240.0 100.0 80.0 to

2868.0 2360.0 456.0 96.0 Indiana.
3404.0 2364.0 872.0 108.0 Massachusetts,
4352.0 2372.0 288.0 84.0 West
4708.0 2372.0 476.0 100.0 Virginia

2860.0 2496.0 200.0 84.0 and
3156.0 2496.0 616.0 104.0 Oklahoma,
3868.0 2512.0 76.0 80.0 It
4040.0 2528.0 208.0 60.0 was
4336.0 2512.0 616.0 84.0 announced
5048.0 2508.0 128.0 100.0 by

2868.0 2632.0 172.0 88.0 the
3132.0 2640.0 264.0 84.0 Aero
3484.0 2636.0 256.0 92.0 Club
3824.0 2648.0 108.0 80.0 of
4012.0 2648.0 516.0 96.0 America,
4616.0 2648.0 340.0 84.0 which
5040.0 2652.0 104.0 80.0 ia-

2860.0 2776.0 580.0 96.0 augurated
3520.0 2784.0 176.0 80.0 the
3780.0 2784.0 240.0 96.0 plan
4104.0 2788.0 200.0 80.0 last
4388.0 2784.0 212.0 84.0 fall.

2988.0 2928.0 340.0 84.0 Three
3404.0 2932.0 556.0 84.0 American
4036.0 2936.0 448.0 84.0 soldiers
4560.0 2940.0 200.0 84.0 and
4832.0 2960.0 60.0 64.0 a
2860.0 2944.0 2316.0 212.0 ten-year-old

3392.0 3068.0 196.0 100.0 boy
3664.0 3072.0 264.0 84.0 have
4004.0 3072.0 204.0 88.0 lost
4284.0 3076.0 276.0 84.0 their
4632.0 3076.0 264.0 84.0 lives
4968.0 3076.0 204.0 88.0 and

2864.0 3208.0 200.0 80.0 two
3148.0 3200.0 548.0 92.0 American
3776.0 3212.0 440.0 84.0 citizens
4292.0 3236.0 268.0 64.0 nave
4632.0 3212.0 260.0 88.0 been
4968.0 3212.0 176.0 88.0 kid-

2864.0 3340.0 332.0 96.0 naped
3280.0 3344.0 196.0 84.0 and
3556.0 3348.0 408.0 84.0 carried
4048.0 3348.0 308.0 84.0 south
4432.0 3352.0 104.0 80.0 of
4612.0 3352.0 180.0 84.0 the
4872.0 3352.0 272.0 84.0 inter-

2868.0 3476.0 464.0 88.0 national
3440.0 3480.0 540.0 104.0 boundary
4080.0 3492.0 104.0 76.0 to
4288.0 3488.0 384.0 84.0 almost
4772.0 3492.0 396.0 88.0 certain

2864.0 3612.0 312.0 84.0 death
3248.0 3616.0 96.0 84.0 In
3416.0 3624.0 448.0 80.0 another
3928.0 3624.0 220.0 84.0 raid
4216.0 3624.0 112.0 80.0 of
4396.0 3624.0 476.0 88.0 Mexican
4944.0 3628.0 200.0 84.0 ban-

2860.0 3752.0 216.0 80.0 dits
3132.0 3756.0 108.0 80.0 at
3296.0 3752.0 400.0 88.0 Glenns
3764.0 3760.0 468.0 100.0 Springs,
4292.0 3764.0 372.0 84.0 Texas.

3552.0 3912.0 944.0 88.0 WASHINGTON.

2984.0 4052.0 80.0 84.0 A
3132.0 4060.0 248.0 80.0 note
3444.0 4056.0 364.0 92.0 cabled
3880.0 4064.0 268.0 80.0 from
4224.0 4064.0 628.0 104.0 Secretaryy
4924.0 4068.0 240.0 84.0 Lan,

2856.0 4192.0 236.0 100.0 sing
3168.0 4200.0 100.0 80.0 to
3340.0 4196.0 716.0 88.0 Ambassador
4124.0 4200.0 428.0 100.0 Gerard,
4632.0 4204.0 156.0 84.0 for
4864.0 4208.0 280.0 80.0 deliv

2856.0 4352.0 184.0 76.0 ery
3112.0 4340.0 104.0 76.0 to
3292.0 4332.0 176.0 84.0 the
3536.0 4336.0 456.0 84.0 German
4076.0 4336.0 408.0 100.0 foreign
4556.0 4340.0 344.0 104.0 office,
5036.0 4344.0 104.0 84.0 in-

2860.0 4468.0 332.0 84.0 forms
3264.0 4468.0 176.0 88.0 the
3516.0 4472.0 452.0 88.0 German
4104.0 4484.0 704.0 92.0 government
4944.0 4484.0 232.0 96.0 that

2860.0 4608.0 172.0 80.0 the
3096.0 4608.0 384.0 88.0 United
3552.0 4612.0 352.0 84.0 States
3964.0 4620.0 428.0 96.0 accepts
4456.0 4616.0 140.0 84.0 its
4656.0 4620.0 484.0 84.0 "declara-

2860.0 4748.0 212.0 80.0 tion
3216.0 4748.0 108.0 84.0 of
3400.0 4752.0 784.0 88.0 abandonment
4256.0 4756.0 108.0 84.0 of
4504.0 4756.0 136.0 84.0 its
4776.0 4760.0 400.0 88.0 former

2856.0 4884.0 604.0 88.0 submarine
3524.0 4892.0 368.0 100.0 policy,
3952.0 4892.0 204.0 84.0 and
4220.0 4916.0 228.0 60.0 now
4512.0 4896.0 316.0 84.0 relies
4892.0 4920.0 276.0 80.0 upon

2852.0 5048.0 60.0 60.0 a
2988.0 5032.0 620.0 92.0 scrupulous
3688.0 5032.0 552.0 84.0 execution
4320.0 5036.0 112.0 80.0 of
4508.0 5036.0 176.0 84.0 the
4760.0 5040.0 408.0 84.0 altered

2856.0 5164.0 432.0 100.0 policy."

2984.0 5320.0 384.0 84.0 Senate
3428.0 5328.0 736.0 84.0 amendments
4224.0 5328.0 104.0 84.0 to
4392.0 5324.0 176.0 88.0 the
4628.0 5348.0 296.0 84.0 army
4980.0 5328.0 188.0 88.0 hill

2856.0 5480.0 268.0 64.0 were
3196.0 5460.0 468.0 96.0 rejected
3736.0 5464.0 132.0 100.0 by
3940.0 5464.0 176.0 84.0 the
4192.0 5464.0 328.0 88.0 house
4652.0 5472.0 200.0 80.0 and
4984.0 5472.0 184.0 84.0 the

2848.0 5616.0 484.0 64.0 measure
3408.0 5604.0 492.0 80.0 returned
3972.0 5616.0 108.0 68.0 to
4152.0 5604.0 660.0 88.0 conference.
4948.0 5608.0 220.0 84.0 The

2852.0 5736.0 548.0 96.0 proposals
3504.0 5744.0 100.0 80.0 to
3712.0 5760.0 528.0 80.0 empower
4340.0 5740.0 180.0 88.0 the
4624.0 5744.0 544.0 100.0 president

2852.0 5876.0 100.0 76.0 to
3032.0 5872.0 276.0 88.0 raise
3388.0 5876.0 176.0 84.0 the
3636.0 5880.0 504.0 100.0 standing
4208.0 5904.0 300.0 76.0 army
4584.0 5884.0 104.0 84.0 to
4768.0 5880.0 396.0 100.0 250,000

2852.0 6032.0 236.0 64.0 men
3164.0 6012.0 96.0 84.0 in
3340.0 6012.0 252.0 88.0 time
3660.0 6016.0 112.0 84.0 of
3844.0 6036.0 324.0 80.0 peace
4232.0 6020.0 204.0 84.0 and
4516.0 6020.0 104.0 84.0 to
4688.0 6020.0 284.0 88.0 raise
5100.0 6040.0 64.0 64.0 a

2852.0 6148.0 396.0 88.0 federal
3312.0 6152.0 548.0 88.0 volunteer
3916.0 6176.0 296.0 80.0 army
4260.0 6156.0 116.0 88.0 of
4428.0 6156.0 396.0 96.0 261,000
4888.0 6180.0 276.0 68.0 were

2852.0 6288.0 460.0 96.0 rejected
3396.0 6292.0 292.0 100.0 flatly
3760.0 6292.0 140.0 100.0 .by
3976.0 6296.0 180.0 84.0 the
4236.0 6300.0 300.0 80.0 votes
4616.0 6300.0 108.0 84.0 of
4800.0 6296.0 176.0 88.0 221
5052.0 6304.0 108.0 80.0 to

2852.0 6428.0 200.0 100.0 142,
3136.0 6432.0 200.0 84.0 and
3424.0 6432.0 172.0 84.0 231
3684.0 6436.0 104.0 84.0 to
3872.0 6432.0 208.0 104.0 109,
4160.0 6436.0 740.0 100.0 respectively.

2968.0 6584.0 220.0 84.0 The
3260.0 6588.0 368.0 84.0 senate
3700.0 6588.0 384.0 100.0 passed
4148.0 6588.0 452.0 84.0 wtihout
4664.0 6612.0 68.0 64.0 a
4792.0 6592.0 368.0 84.0 record

2844.0 6728.0 236.0 80.0 vote
3152.0 6728.0 176.0 80.0 the
3400.0 6728.0 568.0 88.0 Bankhead
4036.0 6728.0 264.0 100.0 good
4368.0 6732.0 308.0 80.0 roads
4744.0 6728.0 180.0 88.0 bill
5052.0 6732.0 108.0 84.0 to

2840.0 6864.0 328.0 96.0 spend
3252.0 6860.0 612.0 100.0 $S5,000,000
4008.0 6864.0 104.0 84.0 in
4252.0 6868.0 728.0 84.0 construction
5052.0 6868.0 108.0 84.0 of

2844.0 7008.0 236.0 92.0 post
3144.0 7004.0 340.0 100.0 roads,
3548.0 7004.0 624.0 100.0 contingent
4232.0 7028.0 136.0 64.0 on
4432.0 7024.0 136.0 64.0 an
4636.0 7008.0 304.0 96.0 equal
5004.0 7028.0 124.0 64.0 ex-

2844.0 7140.0 552.0 100.0 penditure
3464.0 7140.0 132.0 104.0 by
3668.0 7144.0 176.0 84.0 the
3920.0 7148.0 364.0 80.0 states.

2968.0 7292.0 296.0 104.0 Hope
3332.0 7296.0 228.0 88.0 that
3628.0 7300.0 112.0 84.0 at
3796.0 7296.0 180.0 88.0 the
4044.0 7300.0 200.0 84.0 end
4312.0 7300.0 108.0 84.0 of
4484.0 7296.0 176.0 92.0 the
4728.0 7304.0 432.0 96.0 present

2840.0 7460.0 216.0 64.0 war
3144.0 7440.0 180.0 88.0 the
3412.0 7444.0 428.0 88.0 nations
3932.0 7452.0 112.0 80.0 of
4128.0 7448.0 180.0 84.0 the
4396.0 7448.0 328.0 84.0 world
4812.0 7444.0 348.0 88.0 would

2840.0 7580.0 584.0 88.0 undertake
3504.0 7604.0 68.0 68.0 a
3644.0 7584.0 272.0 96.0 joint
3996.0 7584.0 312.0 88.0 effort
4384.0 7592.0 108.0 80.0 to
4568.0 7588.0 268.0 96.0 keep
4976.0 7584.0 180.0 88.0 the

2840.0 7740.0 348.0 80.0 peace,
3268.0 7720.0 400.0 88.0 backed
3740.0 7724.0 132.0 100.0 by
4004.0 7744.0 64.0 64.0 a
4192.0 7744.0 496.0 68.0 common
4820.0 7724.0 336.0 100.0 police

2840.0 7864.0 316.0 96.0 force,
3288.0 7880.0 212.0 64.0 was
3636.0 7864.0 572.0 96.0 expressed
4340.0 7864.0 128.0 100.0 by
4600.0 7864.0 560.0 88.0 President

2844.0 7996.0 396.0 88.0 Wilson
3336.0 8004.0 100.0 80.0 in
3532.0 8024.0 132.0 60.0 an
3756.0 8004.0 548.0 84.0 interview
4400.0 8004.0 252.0 84.0 with
4744.0 8024.0 68.0 64.0 a
4896.0 8024.0 228.0 64.0 com-

2824.0 8136.0 376.0 84.0 mittee
3264.0 8140.0 112.0 84.0 of
3432.0 8140.0 180.0 84.0 the
3676.0 8140.0 560.0 88.0 American
4296.0 8140.0 348.0 88.0 Union
4712.0 8140.0 448.0 104.0 Against

2840.0 8272.0 632.0 92.0 Militarism.

2960.0 8428.0 560.0 92.0 President
3616.0 8432.0 440.0 104.0 Wilson,
4216.0 8436.0 520.0 104.0 speaking
4892.0 8440.0 112.0 84.0 at
5096.0 8456.0 60.0 72.0 a

2832.0 8568.0 648.0 88.0 celebration
3544.0 8580.0 108.0 80.0 of
3708.0 8576.0 184.0 88.0 the
3948.0 8596.0 204.0 68.0 one
4208.0 8576.0 600.0 88.0 hundredth
4872.0 8576.0 252.0 84.0 anni-

2832.0 8724.0 436.0 84.0 versary
3336.0 8712.0 104.0 84.0 of
3516.0 8712.0 176.0 88.0 the
3760.0 8716.0 516.0 100.0 founding
4340.0 8716.0 108.0 84.0 of
4516.0 8716.0 176.0 84.0 the
4760.0 8716.0 360.0 84.0 Ameri-

2828.0 8868.0 192.0 60.0 can
3084.0 8848.0 296.0 88.0 Bible
3444.0 8852.0 432.0 100.0 society,
3944.0 8856.0 316.0 84.0 dwelt
4324.0 8880.0 136.0 64.0 on
4524.0 8860.0 180.0 80.0 the
4768.0 8856.0 348.0 84.0 useful-

2828.0 9004.0 244.0 64.0 ness
3164.0 8988.0 112.0 84.0 of
3360.0 8988.0 180.0 88.0 the
3628.0 8988.0 300.0 88.0 Bible
4020.0 8992.0 104.0 88.0 in
4216.0 8992.0 476.0 104.0 drawing
4776.0 8992.0 372.0 104.0 people

2828.0 9124.0 516.0 100.0 together.

3680.0 9284.0 620.0 88.0 FOREIGN.

2952.0 9424.0 272.0 88.0 Four
3300.0 9448.0 296.0 64.0 more
3664.0 9436.0 116.0 84.0 of
3908.0 9428.0 184.0 88.0 the
4164.0 9432.0 420.0 88.0 leaders
4720.0 9432.0 112.0 84.0 in
4964.0 9432.0 184.0 88.0 the

2824.0 9564.0 268.0 88.0 Irish
3192.0 9568.0 344.0 88.0 revolt
3632.0 9568.0 272.0 88.0 have
3992.0 9568.0 272.0 88.0 been
4360.0 9568.0 580.0 88.0 sentenced
5036.0 9576.0 112.0 80.0 to

2820.0 9704.0 320.0 84.0 death
3204.0 9704.0 132.0 104.0 by
3400.0 9708.0 176.0 84.0 the
3640.0 9708.0 380.0 84.0 Dublin
4084.0 9708.0 796.0 100.0 court-martial,
4940.0 9708.0 204.0 88.0 and

2820.0 9844.0 544.0 100.0 executed,
3508.0 9848.0 572.0 100.0 according
4220.0 9852.0 108.0 84.0 to
4472.0 9868.0 136.0 64.0 an
4748.0 9848.0 396.0 88.0 official

2824.0 9988.0 608.0 96.0 statement,
3492.0 9984.0 356.0 88.0 issued
3916.0 9988.0 480.0 100.0 Monday.
4520.0 9984.0 288.0 104.0 They
4872.0 10012.0 272.0 64.0 were

2820.0 10120.0 552.0 88.0 Cornelius
3588.0 10124.0 456.0 104.0 Colbert,
4196.0 10124.0 480.0 88.0 Edmund
4828.0 10128.0 316.0 100.0 Kent,

2824.0 10260.0 452.0 84.0 Michael
3352.0 10264.0 396.0 84.0 Mallon
3824.0 10264.0 204.0 88.0 and
4100.0 10264.0 92.0 92.0 J.
4268.0 10264.0 88.0 92.0 J.
4432.0 10264.0 516.0 88.0 Heuston.

2944.0 10416.0 284.0 84.0 With
3320.0 10416.0 180.0 84.0 the
3584.0 10416.0 448.0 104.0 melting
4112.0 10436.0 356.0 68.0 snows
4552.0 10432.0 136.0 68.0 Do
4772.0 10420.0 372.0 100.0 longer

2816.0 10552.0 500.0 104.0 delaying
3392.0 10552.0 180.0 92.0 the
3656.0 10560.0 440.0 84.0 descent
4172.0 10560.0 112.0 84.0 of
4420.0 10560.0 184.0 88.0 the
4684.0 10560.0 460.0 88.0 Russian

2816.0 10688.0 596.0 92.0 Caucasian
3476.0 10696.0 388.0 84.0 armies
3936.0 10704.0 272.0 84.0 from
4280.0 10700.0 180.0 84.0 the
4588.0 10696.0 252.0 104.0 high
4964.0 10700.0 148.0 84.0 Ar-

2816.0 10832.0 424.0 88.0 menian
3340.0 10836.0 428.0 100.0 plateau
3860.0 10836.0 220.0 88.0 into
4172.0 10836.0 184.0 88.0 the
4448.0 10840.0 488.0 100.0 plateaus
5032.0 10836.0 108.0 88.0 of

2816.0 10972.0 252.0 84.0 Asia
3152.0 10972.0 372.0 104.0 Minor,
3604.0 10976.0 348.0 84.0 where
4032.0 10976.0 184.0 84.0 the
4296.0 10980.0 376.0 100.0 Turks,
4748.0 10976.0 392.0 100.0 having

2812.0 11108.0 516.0 104.0 gathered
3400.0 11116.0 140.0 80.0 all
3620.0 11112.0 524.0 88.0 available
4220.0 11116.0 916.0 100.0 reinforcements,

2816.0 11272.0 184.0 64.0 are
3056.0 11252.0 324.0 100.0 ready
3508.0 11260.0 112.0 80.0 at
3684.0 11252.0 208.0 84.0 last
4016.0 11260.0 108.0 80.0 to
4188.0 11256.0 312.0 84.0 make
4624.0 11276.0 64.0 64.0 a
4808.0 11256.0 300.0 84.0 deter-

2816.0 11392.0 348.0 84.0 mined
3248.0 11392.0 340.0 96.0 stand,
3672.0 11392.0 180.0 84.0 the
3936.0 11396.0 560.0 100.0 campaign
4636.0 11392.0 104.0 88.0 In
4880.0 11396.0 260.0 84.0 Asia

2816.0 11528.0 344.0 84.0 Minor
3232.0 11532.0 188.0 84.0 has
3496.0 11532.0 452.0 84.0 reached
4016.0 11556.0 68.0 64.0 a
4148.0 11540.0 284.0 80.0 most
4500.0 11532.0 636.0 104.0 Interesting

2812.0 11668.0 204.0 84.0 and
3080.0 11668.0 468.0 104.0 possibly
3608.0 11692.0 64.0 64.0 a
3728.0 11672.0 468.0 88.0 decisive
4252.0 11676.0 340.0 100.0 etage.

2940.0 11824.0 220.0 88.0 The
3300.0 11828.0 556.0 96.0 13,000-ton
3996.0 11828.0 352.0 88.0 White
4488.0 11832.0 248.0 84.0 Star
4868.0 11828.0 268.0 88.0 liner

2816.0 11964.0 444.0 100.0 Cymric,
3324.0 11968.0 340.0 84.0 which
3720.0 11968.0 168.0 84.0 for
3948.0 11984.0 292.0 72.0 some
4296.0 11968.0 256.0 92.0 timg
4612.0 11968.0 196.0 88.0 has
4868.0 11968.0 264.0 88.0 lieen

2812.0 12104.0 472.0 100.0 engaged
3376.0 12104.0 104.0 88.0 in
3568.0 12104.0 400.0 104.0 freight
4056.0 12108.0 440.0 100.0 service,
4584.0 12108.0 200.0 84.0 has
4860.0 12108.0 272.0 88.0 heen

2816.0 12244.0 568.0 100.0 torpedoed
3448.0 12244.0 136.0 100.0 by
3640.0 12264.0 64.0 64.0 a
3760.0 12244.0 456.0 88.0 German
4280.0 12248.0 636.0 104.0 submarine,
4980.0 12268.0 120.0 68.0 ac-

2812.0 12384.0 436.0 100.0 cording
3336.0 12388.0 100.0 80.0 to
3528.0 12384.0 428.0 84.0 advices
4044.0 12384.0 488.0 88.0 received
4624.0 12384.0 104.0 88.0 in
4880.0 12388.0 216.0 84.0 Lon-

2812.0 12520.0 232.0 88.0 don.
2928.0 12672.0 460.0 88.0 General
3448.0 12676.0 524.0 88.0 Carranza
4032.0 12684.0 204.0 84.0 and
4296.0 12676.0 164.0 92.0 his
4516.0 12680.0 396.0 88.0 official
4972.0 12684.0 156.0 84.0 ad.

2816.0 12816.0 332.0 84.0 visers
3208.0 12840.0 276.0 64.0 were
3544.0 12820.0 100.0 84.0 in
3708.0 12820.0 632.0 88.0 conference
4396.0 12824.0 380.0 100.0 during
4828.0 12820.0 140.0 88.0 all
5024.0 12828.0 104.0 88.0 of.

2816.0 12956.0 420.0 100.0 Sunday
3300.0 12956.0 300.0 100.0 night
3664.0 12960.0 204.0 84.0 and
3940.0 12960.0 268.0 84.0 until
4272.0 12960.0 48.0 88.0 3
4392.0 12964.0 400.0 84.0 o'clock
4856.0 12960.0 248.0 88.0 Mon-

2808.0 13096.0 200.0 100.0 day
3080.0 13096.0 508.0 108.0 morning,
3660.0 13096.0 600.0 104.0 discussing
4328.0 13104.0 180.0 84.0 the
4576.0 13100.0 552.0 104.0 campaign

2808.0 13236.0 420.0 96.0 against
3300.0 13236.0 176.0 92.0 the
3552.0 13236.0 372.0 88.0 border
3996.0 13240.0 316.0 84.0 raids.

2932.0 13388.0 112.0 84.0 In
3140.0 13392.0 312.0 84.0 fierce
3532.0 13396.0 424.0 84.0 attacks
4040.0 13420.0 132.0 60.0 on
4260.0 13396.0 248.0 84.0 both
4596.0 13392.0 336.0 92.0 banks
5024.0 13396.0 104.0 92.0 of

2812.0 13524.0 172.0 88.0 the
3052.0 13532.0 364.0 84.0 Meuse
3544.0 13552.0 136.0 68.0 on
3812.0 13536.0 424.0 100.0 Sunday
4364.0 13536.0 180.0 84.0 the
4676.0 13536.0 452.0 84.0 German

2808.0 13668.0 348.0 84.0 forces
3212.0 13672.0 376.0 100.0 gained
3652.0 13672.0 400.0 100.0 ground
4116.0 13680.0 272.0 84.0 from
4444.0 13672.0 180.0 88.0 the
4684.0 13672.0 440.0 88.0 French.

2804.0 13804.0 292.0 104.0 They
3164.0 13812.0 432.0 84.0 entered
3668.0 13808.0 176.0 88.0 the
3912.0 13812.0 408.0 84.0 French
4388.0 13812.0 708.0 84.0 communicat-

2804.0 13944.0 176.0 104.0 ing
3048.0 13944.0 496.0 88.0 trenches
3672.0 13956.0 240.0 76.0 east
4032.0 13952.0 112.0 84.0 of
4268.0 13948.0 220.0 84.0 Hill
4616.0 13948.0 176.0 84.0 304
4920.0 13948.0 200.0 84.0 and

2800.0 14084.0 380.0 100.0 gained
3280.0 14108.0 60.0 64.0 a
3428.0 14088.0 408.0 100.0 footing
3928.0 14088.0 100.0 84.0 in
4120.0 14088.0 180.0 88.0 the
4392.0 14088.0 232.0 84.0 first
4716.0 14088.0 404.0 84.0 French

2804.0 14224.0 208.0 84.0 line
3116.0 14224.0 476.0 88.0 between
3696.0 14228.0 732.0 84.0 Haudremont
4524.0 14224.0 296.0 84.0 wood
4920.0 14228.0 200.0 84.0 and

2808.0 14364.0 248.0 84.0 Fort
3108.0 14364.0 596.0 88.0 Douamont
3752.0 14388.0 260.0 64.0 over
4060.0 14388.0 136.0 64.0 an
4252.0 14368.0 368.0 84.0 extent
4676.0 14368.0 108.0 84.0 of
4836.0 14380.0 256.0 68.0 near-

2804.0 14504.0 100.0 96.0 ly
2968.0 14524.0 60.0 64.0 a
3088.0 14504.0 280.0 84.0 third
3436.0 14508.0 112.0 84.0 of
3608.0 14524.0 60.0 64.0 a
3728.0 14504.0 280.0 84.0 mile.

2924.0 14656.0 220.0 88.0 The
3224.0 14656.0 408.0 88.0 French
3708.0 14680.0 300.0 76.0 press
4080.0 14656.0 484.0 100.0 subjects
4632.0 14652.0 180.0 88.0 the
4884.0 14652.0 212.0 84.0 Ger-

2800.0 14816.0 244.0 64.0 man
3116.0 14800.0 248.0 80.0 note
3444.0 14800.0 104.0 84.0 to
3628.0 14796.0 176.0 88.0 the
3884.0 14796.0 392.0 84.0 United
4360.0 14796.0 356.0 84.0 States
4792.0 14796.0 108.0 80.0 to
4980.0 14812.0 112.0 64.0 se-

2800.0 14956.0 244.0 64.0 vere
3108.0 14932.0 504.0 104.0 analysis,
3680.0 14936.0 476.0 96.0 drawing
4216.0 14948.0 444.0 88.0 varying
4724.0 14932.0 368.0 84.0 conclu-

2804.0 15076.0 284.0 80.0 sions
3164.0 15076.0 272.0 80.0 from
3508.0 15076.0 108.0 80.0 it.
3760.0 15072.0 312.0 88.0 Some
4144.0 15092.0 680.0 80.0 newspapers
4896.0 15088.0 196.0 64.0 con-

2800.0 15208.0 288.0 88.0 sider
3180.0 15212.0 228.0 84.0 that
3496.0 15212.0 528.0 100.0 Germany
4112.0 15212.0 192.0 84.0 has
4392.0 15208.0 448.0 100.0 yielded,
4992.0 15208.0 100.0 84.0 al-

2800.0 15344.0 396.0 104.0 though
3256.0 15352.0 248.0 84.0 with
3556.0 15352.0 200.0 84.0 bad
3804.0 15372.0 352.0 80.0 grace.
4272.0 15344.0 388.0 92.0 Others
4712.0 15344.0 412.0 88.0 believe

2796.0 15488.0 180.0 88.0 the
3044.0 15492.0 568.0 84.0 document
3676.0 15492.0 88.0 84.0 is
3828.0 15512.0 64.0 60.0 a
3948.0 15492.0 492.0 80.0 tortuous
4504.0 15484.0 432.0 88.0 refusal.

2924.0 15644.0 88.0 80.0 A
3092.0 15644.0 188.0 84.0 full
3368.0 15644.0 528.0 100.0 squadron
3976.0 15644.0 108.0 84.0 of
4164.0 15644.0 184.0 84.0 230
4432.0 15664.0 236.0 60.0 men
4752.0 15640.0 112.0 84.0 of
4940.0 15636.0 180.0 88.0 the

2800.0 15780.0 516.0 88.0 Eleventh
3380.0 15784.0 428.0 96.0 cavalry
3872.0 15780.0 544.0 100.0 surprised
4480.0 15780.0 204.0 84.0 and
4752.0 15780.0 368.0 84.0 routed

2796.0 15944.0 60.0 60.0 a
2940.0 15924.0 308.0 84.0 much
3332.0 15924.0 348.0 96.0 larger
3760.0 15920.0 288.0 84.0 force
4132.0 15924.0 112.0 84.0 of
4384.0 15920.0 480.0 84.0 Villistas
5012.0 15920.0 112.0 84.0 at

2796.0 16056.0 260.0 100.0 Ojos
3120.0 16060.0 412.0 100.0 Azules,
3612.0 16068.0 576.0 76.0 seventeen
4256.0 16056.0 308.0 88.0 miles
4632.0 16056.0 316.0 84.0 south
5012.0 16052.0 112.0 84.0 of

2796.0 16176.0 872.0 108.0 Cusihuiriachic,
3752.0 16188.0 244.0 96.0 May
4076.0 16184.0 84.0 84.0 6.

2920.0 16336.0 92.0 84.0 A
3072.0 16340.0 304.0 96.0 party
3436.0 16336.0 112.0 84.0 of
3604.0 16336.0 316.0 84.0 about
3988.0 16336.0 272.0 100.0 1,000
4324.0 16332.0 540.0 104.0 prisoners
4924.0 16328.0 196.0 88.0 left

2800.0 16472.0 376.0 88.0 Dublin
3240.0 16472.0 420.0 104.0 Sunday
3716.0 16476.0 168.0 84.0 for
3932.0 16472.0 532.0 100.0 England;
4540.0 16472.0 248.0 100.0 they
4844.0 16488.0 276.0 68.0 were

2796.0 16616.0 388.0 96.0 mostly
3244.0 16616.0 268.0 84.0 from
3568.0 16612.0 180.0 88.0 the
3800.0 16616.0 452.0 100.0 country
4308.0 16608.0 512.0 88.0 districts.

2920.0 16764.0 528.0 104.0 Fifty-five
3508.0 16764.0 484.0 88.0 Villistas
4060.0 16784.0 276.0 64.0 were
4464.0 16760.0 324.0 88.0 killed
4912.0 16760.0 208.0 88.0 and

2796.0 16904.0 280.0 104.0 sixty
3140.0 16908.0 516.0 84.0 wounded
3728.0 16908.0 104.0 84.0 in
3900.0 16904.0 180.0 88.0 the
4220.0 16900.0 260.0 104.0 fight
4620.0 16908.0 112.0 76.0 at
4864.0 16900.0 252.0 100.0 Ojos

2796.0 17044.0 380.0 84.0 Azules
3264.0 17044.0 380.0 100.0 Friday
3732.0 17044.0 512.0 100.0 morning,
4328.0 17036.0 184.0 88.0 the
4588.0 17128.0 16.0 12.0 .
4656.0 17040.0 272.0 84.0 band
5012.0 17036.0 108.0 88.0 of

2800.0 17184.0 168.0 88.0 140
3044.0 17184.0 312.0 100.0 being
3424.0 17184.0 620.0 100.0 practically
4116.0 17180.0 688.0 84.0 annihilate!.

2920.0 17336.0 220.0 84.0 The
3224.0 17336.0 372.0 84.0 Prince
3676.0 17336.0 108.0 88.0 of
3856.0 17336.0 356.0 84.0 Wales
4284.0 17352.0 232.0 68.0 now
4596.0 17332.0 88.0 84.0 is
4760.0 17332.0 104.0 84.0 in
4944.0 17332.0 172.0 84.0 the

2796.0 17476.0 376.0 84.0 Italian
3240.0 17496.0 216.0 64.0 war
3528.0 17496.0 256.0 64.0 zone
3856.0 17496.0 120.0 60.0 as
4040.0 17476.0 180.0 84.0 the
4288.0 17476.0 312.0 96.0 guest
4664.0 17472.0 112.0 84.0 of
4840.0 17472.0 276.0 100.0 King

2792.0 17616.0 360.0 84.0 Victor
3204.0 17612.0 652.0 100.0 Emmanuel,
3908.0 17612.0 252.0 84.0 with
4216.0 17612.0 336.0 84.0 whom
4608.0 17612.0 128.0 84.0 he
4788.0 17616.0 88.0 84.0 is
4928.0 17612.0 156.0 88.0 vis-

2800.0 17748.0 260.0 100.0 iting
3140.0 17752.0 428.0 84.0 various
3652.0 17752.0 348.0 100.0 points
4080.0 17772.0 136.0 64.0 on
4300.0 17748.0 180.0 88.0 the
4564.0 17748.0 320.0 100.0 front,
4964.0 17772.0 124.0 60.0 ac-

2796.0 17888.0 432.0 100.0 cording
3372.0 17900.0 104.0 80.0 to
3560.0 17912.0 64.0 60.0 a
3708.0 17888.0 360.0 84.0 Havas
4216.0 17884.0 484.0 104.0 dispatch
4844.0 17888.0 272.0 84.0 from

2800.0 18012.0 348.0 84.0 Rome.

2920.0 18164.0 436.0 100.0 Belgian
3428.0 18172.0 356.0 92.0 troops
3856.0 18188.0 132.0 60.0 on
4056.0 18164.0 296.0 100.0 April
4424.0 18160.0 112.0 88.0 19
4612.0 18164.0 504.0 100.0 captured

2792.0 18304.0 452.0 84.0 German
3320.0 18308.0 516.0 96.0 positions
3912.0 18312.0 108.0 80.0 at
4092.0 18304.0 572.0 100.0 Shangugu
4732.0 18324.0 136.0 64.0 on
4940.0 18304.0 176.0 84.0 the

2796.0 18448.0 376.0 84.0 border
3224.0 18448.0 104.0 84.0 of
3384.0 18444.0 452.0 88.0 German
3896.0 18444.0 264.0 88.0 East
4212.0 18448.0 364.0 80.0 Africa
4628.0 18444.0 204.0 84.0 and
4888.0 18464.0 196.0 64.0 con-

2796.0 18584.0 356.0 88.0 tinued
3216.0 18604.0 492.0 80.0 progress
3772.0 18584.0 316.0 84.0 south
4140.0 18584.0 112.0 88.0 of
4308.0 18580.0 276.0 88.0 Kivu
4636.0 18584.0 272.0 100.0 lake,
4960.0 18604.0 124.0 60.0 ac-

2792.0 18724.0 436.0 100.0 cording
3296.0 18732.0 100.0 76.0 to
3468.0 18724.0 176.0 84.0 the
3712.0 18720.0 436.0 104.0 Belgian
4216.0 18720.0 488.0 88.0 minister
4768.0 18720.0 104.0 88.0 of
4940.0 18720.0 176.0 84.0 the

2792.0 18848.0 500.0 84.0 colonies.

2920.0 19004.0 160.0 80.0 An
3176.0 19000.0 476.0 100.0 uprising
3740.0 19000.0 424.0 100.0 against
4248.0 19000.0 180.0 84.0 the
4520.0 18996.0 400.0 84.0 British
5016.0 18992.0 100.0 88.0 in

2796.0 19136.0 176.0 88.0 the
3044.0 19140.0 352.0 84.0 Sudan
3472.0 19140.0 88.0 84.0 is
3640.0 19136.0 492.0 100.0 reported
4268.0 19136.0 104.0 84.0 in
4508.0 19132.0 608.0 104.0 dispatches

2796.0 19280.0 268.0 84.0 from
3148.0 19276.0 880.0 100.0 Constantinople
4168.0 19280.0 108.0 80.0 to
4420.0 19276.0 384.0 84.0 Berlin.
4948.0 19272.0 168.0 84.0 Ali

2800.0 19416.0 348.0 108.0 Dinar,
3232.0 19420.0 172.0 80.0 the
3488.0 19416.0 284.0 84.0 Iman
3848.0 19416.0 112.0 84.0 of
4100.0 19412.0 484.0 100.0 Darfour,
4660.0 19412.0 256.0 84.0 with
5056.0 19436.0 60.0 60.0 a

2792.0 19560.0 284.0 84.0 force
3116.0 19568.0 108.0 80.0 of
3312.0 19564.0 360.0 92.0 troops
3712.0 19556.0 204.0 80.0 and
3960.0 19552.0 272.0 100.0 8,000
4276.0 19552.0 392.0 88.0 camels
4716.0 19552.0 88.0 84.0 is
4888.0 19552.0 228.0 84.0 said

2796.0 19700.0 100.0 80.0 to
2972.0 19696.0 120.0 88.0 be
3164.0 19696.0 552.0 96.0 marching
3848.0 19692.0 428.0 100.0 against
4404.0 19692.0 180.0 84.0 the
4720.0 19688.0 396.0 84.0 British

2800.0 19836.0 340.0 84.0 forces
3208.0 19840.0 100.0 80.0 in
3372.0 19836.0 508.0 84.0 northern
3948.0 19832.0 384.0 84.0 Sudan.

2920.0 20020.0 244.0 92.0 Two
3232.0 20020.0 460.0 84.0 German
3768.0 20016.0 664.0 84.0 submarines
4512.0 20016.0 108.0 84.0 of
4688.0 20016.0 176.0 84.0 the
4940.0 20016.0 148.0 80.0 lat-

2796.0 20164.0 164.0 80.0 est
3024.0 20164.0 276.0 96.0 type,
3372.0 20156.0 540.0 100.0 convoyed
3984.0 20156.0 128.0 100.0 by
4184.0 20160.0 208.0 80.0 two
4456.0 20156.0 360.0 84.0 armed
4884.0 20176.0 200.0 60.0 aux-

2800.0 20296.0 300.0 108.0 iliary
3196.0 20300.0 492.0 96.0 cruisers,
3784.0 20316.0 132.0 64.0 on
4016.0 20292.0 292.0 100.0 April
4408.0 20292.0 112.0 84.0 29
4616.0 20292.0 500.0 84.0 attacked

2800.0 20440.0 172.0 84.0 the
3056.0 20436.0 400.0 84.0 French
3540.0 20436.0 268.0 84.0 liner
3884.0 20432.0 460.0 84.0 Venezia
4416.0 20432.0 304.0 84.0 when
4800.0 20432.0 316.0 84.0 about

2800.0 20584.0 168.0 80.0 100
3044.0 20576.0 308.0 84.0 miles
3420.0 20572.0 560.0 88.0 southeast
4044.0 20580.0 108.0 80.0 of
4224.0 20568.0 280.0 104.0 Cape
4576.0 20572.0 312.0 96.0 Race,
4960.0 20592.0 124.0 76.0 ap-

2800.0 20716.0 692.0 100.0 proximately
3600.0 20712.0 236.0 88.0 1900
4012.0 20712.0 308.0 84.0 miles
4484.0 20712.0 268.0 80.0 from
4864.0 20712.0 232.0 84.0 New-

2804.0 20856.0 272.0 84.0 York
3136.0 20860.0 100.0 80.0 in
3296.0 20880.0 56.0 60.0 a
3412.0 20856.0 332.0 84.0 direct
3804.0 20852.0 236.0 88.0 line.

2924.0 21012.0 276.0 84.0 First
3264.0 21012.0 304.0 88.0 Chief
3628.0 21012.0 528.0 84.0 Carranza
4212.0 21008.0 236.0 84.0 sent
4512.0 21032.0 60.0 60.0 a
4628.0 21028.0 488.0 76.0 message

2796.0 21160.0 100.0 76.0 to
2952.0 21152.0 444.0 84.0 General
3452.0 21152.0 484.0 96.0 Obregon
3996.0 21144.0 568.0 100.0 informing
4620.0 21144.0 172.0 84.0 the
4852.0 21144.0 228.0 80.0 Mex-

2800.0 21296.0 224.0 84.0 ican
3088.0 21292.0 488.0 84.0 minister
3628.0 21296.0 108.0 80.0 of
3796.0 21312.0 208.0 60.0 war
4068.0 21288.0 224.0 84.0 that
4344.0 21288.0 128.0 80.0 he
4532.0 21288.0 200.0 80.0 had
4796.0 21280.0 316.0 88.0 found

2796.0 21432.0 176.0 88.0 the
3044.0 21444.0 612.0 88.0 agreement
3724.0 21432.0 252.0 80.0 with
4048.0 21428.0 184.0 84.0 the
4292.0 21424.0 392.0 84.0 United
4760.0 21424.0 352.0 84.0 States

2796.0 21572.0 720.0 100.0 satisfactory,
3612.0 21564.0 252.0 84.0 with
3956.0 21568.0 172.0 84.0 the
4220.0 21564.0 552.0 100.0 exception
4860.0 21560.0 112.0 84.0 of
5060.0 21580.0 56.0 64.0 a

2800.0 21720.0 192.0 76.0 few
3064.0 21712.0 332.0 80.0 minor
3456.0 21708.0 380.0 100.0 points.

2924.0 21864.0 128.0 84.0 At
3124.0 21868.0 268.0 84.0 least
3460.0 21864.0 176.0 84.0 130
3772.0 21860.0 488.0 88.0 civilians
4388.0 21880.0 272.0 60.0 were
4796.0 21852.0 316.0 88.0 killed

2796.0 22004.0 376.0 100.0 during
3236.0 22000.0 176.0 88.0 the
3480.0 22004.0 360.0 80.0 recent
3912.0 22000.0 340.0 80.0 revolt
4320.0 21996.0 100.0 84.0 in
4492.0 21996.0 440.0 84.0 Ireland.

5320.0 864.0 1112.0 320.0 GERMANY
6584.0 856.0 792.0 336.0 YIELDS

5816.0 1320.0 448.0 328.0 ONE
6416.0 1320.0 360.0 328.0 BIG
6928.0 1320.0 688.0 336.0 POINT

5320.0 1944.0 164.0 132.0 No
5648.0 1948.0 324.0 132.0 More
6136.0 1952.0 920.0 132.0 Merchantmen
7208.0 1956.0 128.0 128.0 to
7452.0 1956.0 160.0 128.0 Be

5484.0 2160.0 320.0 132.0 Sunk
5912.0 2168.0 148.0 156.0 by
6168.0 2168.0 804.0 132.0 Submarines
7080.0 2164.0 304.0 136.0 With-

5732.0 2384.0 204.0 128.0 out
6008.0 2384.0 288.0 132.0 Visit
6372.0 2384.0 236.0 132.0 and
6684.0 2384.0 508.0 132.0 Search.

5312.0 2796.0 468.0 208.0 REPLY
5936.0 2800.0 184.0 212.0 TO
6276.0 2804.0 792.0 208.0 AMERICAN
7220.0 2804.0 388.0 208.0 NOTE

5316.0 3232.0 344.0 84.0 Berlin
5744.0 3236.0 228.0 84.0 Still
6068.0 3240.0 392.0 84.0 doubts
6544.0 3244.0 388.0 80.0 Sussex
7016.0 3244.0 340.0 96.0 Facts,
7436.0 3240.0 144.0 84.0 Ac-

5432.0 3408.0 312.0 64.0 cuses
5816.0 3388.0 376.0 84.0 United
6264.0 3392.0 356.0 84.0 States
6684.0 3392.0 108.0 84.0 of
6864.0 3392.0 616.0 84.0 Favoritism

5556.0 3544.0 200.0 84.0 and
5864.0 3544.0 432.0 84.0 Berates
6348.0 3548.0 484.0 84.0 Britain's
6876.0 3544.0 488.0 108.0 "Illegal"

6208.0 3696.0 508.0 88.0 Warfare.

5400.0 3972.0 344.0 76.0 Berlin.
5852.0 3976.0 524.0 84.0 Following
6484.0 3976.0 80.0 72.0 is
6672.0 3976.0 156.0 76.0 the
6936.0 3980.0 204.0 72.0 text
7244.0 3976.0 104.0 76.0 of
7452.0 3976.0 160.0 72.0 the

5304.0 4088.0 220.0 68.0 note
5612.0 4084.0 104.0 72.0 of
5796.0 4084.0 164.0 76.0 the
6044.0 4084.0 416.0 72.0 Gorman
6548.0 4084.0 712.0 88.0 government's
7344.0 4084.0 264.0 84.0 reply

5308.0 4192.0 92.0 68.0 to
5480.0 4192.0 160.0 76.0 the
5716.0 4192.0 508.0 76.0 American
6308.0 4204.0 216.0 64.0 note
6608.0 4196.0 540.0 84.0 respecting
7224.0 4196.0 344.0 68.0 subma-

5304.0 4296.0 200.0 72.0 rine
5596.0 4304.0 440.0 84.0 warfare,
6136.0 4304.0 472.0 72.0 delivered
6704.0 4304.0 116.0 84.0 by
6912.0 4304.0 424.0 72.0 Gottlieb
7428.0 4320.0 180.0 52.0 von

5300.0 4404.0 368.0 88.0 Jagow,
5748.0 4408.0 160.0 76.0 the
5984.0 4412.0 372.0 84.0 foreign
6428.0 4424.0 520.0 72.0 secretary,
7032.0 4420.0 92.0 64.0 to
7204.0 4412.0 360.0 72.0 Ambas-

5304.0 4516.0 284.0 72.0 sador
5656.0 4520.0 404.0 72.0 Gerard:

5392.0 4624.0 196.0 76.0 The
5668.0 4632.0 668.0 80.0 undersigned,
6420.0 4648.0 116.0 52.0 on
6620.0 4628.0 324.0 72.0 behalf
7020.0 4628.0 100.0 76.0 of
7196.0 4628.0 160.0 72.0 the
7436.0 4632.0 124.0 68.0 Im-

5300.0 4732.0 296.0 80.0 perial
5660.0 4736.0 412.0 72.0 German
6136.0 4744.0 656.0 80.0 government,
6856.0 4736.0 176.0 76.0 has
7092.0 4736.0 160.0 76.0 the
7312.0 4736.0 296.0 72.0 honor

5304.0 4848.0 92.0 64.0 to
5460.0 4856.0 384.0 72.0 present
5908.0 4856.0 96.0 64.0 to
6068.0 4848.0 144.0 72.0 his
6276.0 4848.0 540.0 84.0 excellency
6884.0 4848.0 160.0 72.0 the
7108.0 4848.0 456.0 72.0 ambassa-

5300.0 4948.0 172.0 72.0 dor
5544.0 4948.0 104.0 72.0 of
5716.0 4952.0 160.0 76.0 the
5952.0 4952.0 344.0 76.0 United
6372.0 4956.0 348.0 84.0 States,
6800.0 4956.0 328.0 72.0 James
7208.0 4952.0 140.0 76.0 W.
7428.0 4952.0 132.0 72.0 Ge-

5308.0 5056.0 244.0 88.0 rard,
5640.0 5060.0 156.0 72.0 the
5880.0 5064.0 492.0 84.0 following
6448.0 5064.0 264.0 84.0 reply
6792.0 5072.0 96.0 64.0 to
6968.0 5064.0 160.0 76.0 the
7212.0 5072.0 216.0 64.0 note
7508.0 5064.0 100.0 68.0 of

5304.0 5168.0 260.0 80.0 April
5624.0 5168.0 88.0 72.0 20
5760.0 5168.0 520.0 88.0 Tfcgarding
6344.0 5172.0 156.0 76.0 the
6560.0 5172.0 412.0 76.0 conduct
7028.0 5172.0 100.0 72.0 of
7184.0 5172.0 416.0 72.0 German

5300.0 5276.0 548.0 72.0 submarine
5920.0 5280.0 440.0 72.0 warfare.

5388.0 5380.0 196.0 76.0 The
5672.0 5384.0 412.0 76.0 German
6176.0 5396.0 624.0 76.0 government
6884.0 5388.0 376.0 76.0 handed
7380.0 5408.0 228.0 56.0 over

5300.0 5488.0 92.0 72.0 to
5468.0 5492.0 160.0 72.0 the
5700.0 5512.0 340.0 68.0 pruper
6112.0 5500.0 288.0 72.0 naval
6472.0 5500.0 572.0 72.0 authorities
7116.0 5500.0 148.0 72.0 for
7336.0 5500.0 264.0 84.0 early

5300.0 5596.0 676.0 88.0 Investigation
6052.0 5604.0 156.0 76.0 the
6284.0 5608.0 444.0 76.0 evidence
6796.0 5608.0 576.0 84.0 concerning
7444.0 5608.0 160.0 72.0 the

5300.0 5704.0 348.0 76.0 Sussex
5732.0 5728.0 108.0 56.0 as
5920.0 5716.0 764.0 72.0 communicated
6764.0 5716.0 116.0 88.0 by
6964.0 5716.0 156.0 76.0 the
7200.0 5736.0 356.0 64.0 govern-

5308.0 5824.0 248.0 64.0 ment
5640.0 5820.0 104.0 68.0 of
5824.0 5820.0 160.0 72.0 the
6064.0 5824.0 348.0 76.0 United
6496.0 5824.0 352.0 76.0 States.
6980.0 5824.0 420.0 84.0 Judging
7484.0 5824.0 116.0 80.0 by

5304.0 5924.0 156.0 72.0 the
5556.0 5924.0 352.0 80.0 results
6000.0 5932.0 216.0 72.0 that
6352.0 5932.0 160.0 76.0 the
6648.0 5932.0 680.0 88.0 Investigation
7428.0 5932.0 172.0 72.0 has

5300.0 6028.0 372.0 80.0 hlherto
5756.0 6036.0 392.0 88.0 yielded,
6236.0 6040.0 156.0 76.0 the
6476.0 6044.0 416.0 72.0 German
6972.0 6048.0 628.0 76.0 government

5304.0 6136.0 72.0 76.0 is
5448.0 6140.0 248.0 76.0 alive
5776.0 6152.0 92.0 64.0 to
5948.0 6148.0 156.0 72.0 the
6184.0 6152.0 536.0 84.0 possibility
6800.0 6152.0 212.0 72.0 that
7120.0 6152.0 164.0 68.0 the
7388.0 6152.0 212.0 84.0 ship

5300.0 6248.0 536.0 76.0 mentioned
5904.0 6256.0 92.0 72.0 in
6064.0 6256.0 156.0 72.0 the
6284.0 6268.0 216.0 64.0 note
6564.0 6260.0 100.0 72.0 of
6724.0 6260.0 264.0 84.0 April
7056.0 6260.0 84.0 72.0 16
7196.0 6276.0 108.0 56.0 as
7368.0 6256.0 188.0 72.0 hav-

5300.0 6356.0 156.0 84.0 ing
5524.0 6360.0 232.0 72.0 been
5832.0 6368.0 504.0 84.0 torpedoed
6412.0 6368.0 116.0 84.0 by
6600.0 6388.0 60.0 56.0 a
6728.0 6368.0 416.0 76.0 German
7216.0 6368.0 344.0 72.0 subma-

5300.0 6464.0 196.0 76.0 rine
5584.0 6468.0 80.0 72.0 is
5748.0 6476.0 428.0 84.0 actually
6268.0 6476.0 448.0 76.0 identical
6804.0 6476.0 228.0 72.0 with
7128.0 6476.0 160.0 76.0 the
7376.0 6476.0 180.0 72.0 Sus-

5300.0 6592.0 188.0 56.0 sex.
5300.0 6712.0 444.0 84.0 Further
5824.0 6716.0 752.0 108.0 Investigation

5296.0 6848.0 132.0 84.0 Of
5496.0 6852.0 264.0 84.0 Case
5828.0 6860.0 108.0 76.0 to
6012.0 6856.0 136.0 84.0 Be
6224.0 6856.0 332.0 88.0 Made.

5384.0 6988.0 196.0 76.0 The
5668.0 6992.0 416.0 80.0 German
6172.0 7004.0 628.0 80.0 government
6892.0 7008.0 224.0 80.0 begs
7244.0 7004.0 92.0 72.0 to
7460.0 7020.0 96.0 52.0 re-

5292.0 7112.0 272.0 60.0 serve
5636.0 7104.0 376.0 72.0 further
6076.0 7108.0 804.0 76.0 communication
6952.0 7128.0 120.0 56.0 on
7148.0 7108.0 160.0 76.0 the
7376.0 7112.0 176.0 72.0 sub-

5292.0 7208.0 188.0 80.0 ject
5572.0 7212.0 240.0 72.0 until
5896.0 7216.0 364.0 76.0 certain
6344.0 7216.0 316.0 88.0 points
6744.0 7236.0 164.0 56.0 are
6992.0 7220.0 604.0 72.0 ascertained

5300.0 7316.0 300.0 76.0 which
5672.0 7336.0 164.0 60.0 are
5908.0 7324.0 104.0 76.0 of
6084.0 7328.0 412.0 72.0 decisive
6568.0 7328.0 588.0 84.0 importance
7236.0 7332.0 148.0 68.0 for
7452.0 7348.0 104.0 56.0 es-

5296.0 7428.0 520.0 88.0 tablishing
5884.0 7436.0 160.0 72.0 the
6116.0 7436.0 252.0 72.0 facts
6444.0 7436.0 88.0 72.0 In
6604.0 7436.0 156.0 76.0 the
6828.0 7456.0 248.0 56.0 case.

5380.0 7536.0 352.0 76.0 Should
5808.0 7544.0 72.0 68.0 It
5948.0 7548.0 220.0 68.0 turn
6240.0 7552.0 164.0 68.0 out
6476.0 7544.0 212.0 76.0 that
6756.0 7544.0 160.0 76.0 the
6984.0 7548.0 612.0 72.0 commander

5296.0 7660.0 196.0 60.0 was
5568.0 7664.0 324.0 72.0 wrong
5968.0 7652.0 88.0 72.0 in
6132.0 7656.0 500.0 84.0 assuming
6704.0 7656.0 156.0 72.0 the
6932.0 7656.0 308.0 72.0 vessel
7316.0 7664.0 92.0 64.0 to
7488.0 7656.0 108.0 72.0 be

5288.0 7768.0 60.0 56.0 a
5444.0 7760.0 652.0 92.0 man-of-war,
6200.0 7764.0 160.0 72.0 the
6456.0 7764.0 420.0 76.0 German
6968.0 7768.0 628.0 84.0 government
7644.0 7796.0 4.0 40.0 i

5292.0 7860.0 184.0 72.0 will
5536.0 7872.0 164.0 68.0 not
5764.0 7868.0 168.0 72.0 fail
5996.0 7876.0 96.0 68.0 to
6148.0 7872.0 260.0 76.0 draw
6468.0 7872.0 164.0 76.0 the
6688.0 7888.0 704.0 68.0 consequences
7452.0 7892.0 100.0 56.0 re-

5292.0 7972.0 360.0 84.0 sulting
5712.0 7976.0 552.0 80.0 therefrom.

5220.0 8080.0 4.0 28.0 '
5376.0 8080.0 108.0 72.0 In
5548.0 8088.0 560.0 72.0 connection
6176.0 8088.0 228.0 76.0 with
6476.0 8092.0 160.0 76.0 the
6696.0 8112.0 220.0 56.0 case
6976.0 8092.0 104.0 76.0 of
7144.0 8092.0 156.0 76.0 the
7372.0 8092.0 176.0 72.0 Sus-

5284.0 8204.0 168.0 56.0 sex
5528.0 8192.0 156.0 72.0 the
5756.0 8208.0 628.0 72.0 government
6452.0 8204.0 100.0 72.0 of
6620.0 8204.0 160.0 72.0 the
6852.0 8204.0 348.0 72.0 United
7272.0 8204.0 324.0 72.0 States

5292.0 8300.0 272.0 76.0 made
5636.0 8320.0 60.0 56.0 a
5768.0 8308.0 296.0 72.0 series
6140.0 8308.0 100.0 72.0 of
6308.0 8316.0 608.0 80.0 statements,
6996.0 8312.0 160.0 72.0 the
7228.0 8312.0 192.0 84.0 gist
7496.0 8312.0 100.0 72.0 of

5300.0 8408.0 292.0 72.0 which
5656.0 8412.0 80.0 72.0 is
5796.0 8416.0 160.0 72.0 the
6012.0 8420.0 476.0 72.0 assertion
6548.0 8420.0 216.0 76.0 that
6824.0 8420.0 160.0 76.0 the
7040.0 8420.0 412.0 72.0 incident
7512.0 8416.0 84.0 76.0 Is

5292.0 8520.0 92.0 68.0 to
5472.0 8516.0 108.0 72.0 be
5672.0 8524.0 552.0 76.0 considered
6316.0 8528.0 168.0 76.0 but
6568.0 8548.0 176.0 56.0 one
6828.0 8528.0 436.0 76.0 instance
7348.0 8528.0 100.0 72.0 of
7536.0 8548.0 60.0 52.0 a

5284.0 8644.0 520.0 60.0 aeiiDerate
5904.0 8644.0 384.0 64.0 method
6384.0 8644.0 104.0 68.0 of
6584.0 8644.0 756.0 68.0 indiscriminate
7436.0 8644.0 112.0 64.0 de-

5284.0 8736.0 468.0 76.0 struction
5816.0 8744.0 104.0 68.0 of
5984.0 8748.0 360.0 72.0 vessels
6408.0 8744.0 104.0 76.0 of
6572.0 8748.0 128.0 72.0 all
6764.0 8756.0 284.0 72.0 sorts,
7120.0 8744.0 424.0 72.0 national-

5288.0 8840.0 208.0 76.0 ities
5564.0 8848.0 188.0 72.0 and
5820.0 8852.0 640.0 76.0 destinations
6528.0 8856.0 120.0 84.0 by
6716.0 8856.0 420.0 72.0 German
7204.0 8856.0 348.0 72.0 subma-

5288.0 8952.0 196.0 76.0 rine
5556.0 8960.0 692.0 76.0 commanders.

5288.0 9104.0 380.0 88.0 Denies
5732.0 9112.0 180.0 84.0 the
5980.0 9112.0 604.0 104.0 Assertion;

5288.0 9244.0 308.0 88.0 Facts
5668.0 9244.0 196.0 88.0 Not
5940.0 9248.0 612.0 92.0 Furnished.

5368.0 9384.0 196.0 76.0 The
5636.0 9388.0 420.0 76.0 German
6124.0 9400.0 632.0 76.0 government
6824.0 9396.0 256.0 76.0 must
7152.0 9400.0 392.0 88.0 emphat-

5284.0 9492.0 280.0 88.0 ically
5640.0 9500.0 496.0 84.0 repudiate
6216.0 9500.0 160.0 76.0 the
6452.0 9504.0 504.0 76.0 assertion.
7080.0 9504.0 200.0 76.0 The
7356.0 9508.0 188.0 72.0 Ger-

5284.0 9620.0 216.0 52.0 man
5592.0 9616.0 652.0 80.0 government,
6344.0 9608.0 468.0 92.0 however,
6908.0 9612.0 328.0 80.0 thinks
7328.0 9616.0 72.0 76.0 it
7488.0 9616.0 100.0 76.0 of

5288.0 9712.0 240.0 76.0 little
5604.0 9712.0 256.0 72.0 avail
5944.0 9720.0 92.0 68.0 to
6116.0 9724.0 272.0 68.0 enter
6508.0 9720.0 196.0 72.0 into
6828.0 9724.0 344.0 72.0 details
7252.0 9724.0 92.0 76.0 In
7428.0 9724.0 160.0 72.0 the

5280.0 9828.0 384.0 80.0 present
5728.0 9828.0 276.0 80.0 stage
6076.0 9828.0 100.0 76.0 of
6240.0 9828.0 368.0 92.0 affairs,
6688.0 9848.0 256.0 56.0 more
7012.0 9832.0 532.0 88.0 particular-

5280.0 9928.0 84.0 88.0 ly
5428.0 9948.0 112.0 52.0 as
5592.0 9932.0 160.0 76.0 the
5808.0 9944.0 620.0 72.0 government
6488.0 9936.0 104.0 76.0 of
6644.0 9940.0 160.0 72.0 the
6864.0 9940.0 344.0 72.0 United
7264.0 9940.0 320.0 76.0 States

5276.0 10036.0 400.0 76.0 omitted
5756.0 10048.0 96.0 68.0 to
5932.0 10044.0 656.0 76.0 substantiate
6668.0 10048.0 160.0 76.0 the
6904.0 10048.0 476.0 76.0 assertion
7464.0 10052.0 120.0 84.0 by

5280.0 10148.0 488.0 76.0 reference
5840.0 10156.0 96.0 68.0 to
6012.0 10156.0 436.0 72.0 concrete
6524.0 10156.0 280.0 76.0 facts.

5364.0 10252.0 196.0 80.0 The
5624.0 10256.0 416.0 76.0 German
6104.0 10272.0 628.0 72.0 government
6792.0 10264.0 188.0 76.0 will
7040.0 10268.0 224.0 84.0 only
7324.0 10276.0 260.0 68.0 state

5280.0 10360.0 208.0 76.0 that
5612.0 10364.0 68.0 72.0 it
5804.0 10364.0 176.0 76.0 has
6104.0 10372.0 424.0 84.0 imposed
6656.0 10376.0 664.0 88.0 far-reaching
7440.0 10396.0 100.0 56.0 re-

5276.0 10472.0 404.0 76.0 stiaints
5768.0 10492.0 248.0 68.0 upon
6104.0 10480.0 160.0 76.0 the
6356.0 10496.0 164.0 60.0 use
6600.0 10484.0 104.0 72.0 of
6788.0 10484.0 156.0 72.0 the
7028.0 10488.0 556.0 76.0 submarine

5284.0 10596.0 412.0 72.0 weapon,
5792.0 10584.0 296.0 88.0 solely
6180.0 10588.0 92.0 72.0 in
6360.0 10592.0 708.0 76.0 consideration
7160.0 10596.0 104.0 72.0 of
7356.0 10612.0 180.0 56.0 neu-

5280.0 10688.0 264.0 72.0 trals'
5624.0 10692.0 480.0 88.0 Interests,
6188.0 10696.0 92.0 72.0 In
6356.0 10700.0 248.0 84.0 spite
6672.0 10700.0 104.0 72.0 of
6852.0 10700.0 160.0 76.0 the
7088.0 10704.0 204.0 72.0 fact
7364.0 10704.0 220.0 72.0 that

5280.0 10796.0 268.0 76.0 these
5632.0 10804.0 600.0 72.0 restrictions
6316.0 10824.0 164.0 56.0 are
6564.0 10808.0 584.0 88.0 necessarily
7232.0 10812.0 100.0 76.0 of
7412.0 10816.0 124.0 68.0 ad-

5272.0 10912.0 420.0 80.0 vantage
5764.0 10916.0 96.0 68.0 to
5928.0 10912.0 572.0 88.0 Germany's
6568.0 10920.0 440.0 72.0 enemies.
7132.0 10920.0 144.0 72.0 No
7340.0 10920.0 236.0 88.0 such

5272.0 11016.0 708.0 84.0 consideration
6064.0 11020.0 180.0 76.0 has
6320.0 11044.0 228.0 56.0 ever
6628.0 11028.0 228.0 72.0 been
6936.0 11028.0 336.0 76.0 shown
7356.0 11048.0 176.0 56.0 neu-

5276.0 11120.0 236.0 76.0 trals
5584.0 11128.0 112.0 80.0 by
5760.0 11124.0 296.0 80.0 Great
6124.0 11132.0 372.0 76.0 Britain
6560.0 11136.0 192.0 72.0 and
6816.0 11136.0 168.0 72.0 her
7040.0 11136.0 304.0 76.0 allies.

5272.0 11260.0 404.0 108.0 Special
5772.0 11260.0 388.0 88.0 Orders
6252.0 11264.0 224.0 88.0 Had

5272.0 11400.0 276.0 84.0 Been
5616.0 11400.0 324.0 84.0 Given
6016.0 11400.0 476.0 88.0 U-Boats.

5356.0 11540.0 200.0 72.0 The
5608.0 11540.0 416.0 72.0 German
6076.0 11544.0 556.0 76.0 submarine
6688.0 11548.0 316.0 76.0 forces
7056.0 11552.0 248.0 76.0 have
7356.0 11556.0 216.0 84.0 had,

5268.0 11648.0 92.0 68.0 in
5436.0 11648.0 232.0 88.0 fact,
5744.0 11652.0 328.0 72.0 orders
6148.0 11660.0 92.0 64.0 to
6308.0 11656.0 412.0 76.0 conduct
6796.0 11660.0 156.0 76.0 the
7024.0 11664.0 552.0 76.0 submarine

5272.0 11756.0 416.0 76.0 warfare
5776.0 11760.0 92.0 72.0 in
5948.0 11764.0 592.0 72.0 accordance
6628.0 11764.0 228.0 76.0 with
6944.0 11768.0 160.0 76.0 the
7188.0 11772.0 388.0 84.0 general

5268.0 11864.0 508.0 88.0 principles
5836.0 11868.0 104.0 72.0 of
6004.0 11872.0 224.0 72.0 visit
6288.0 11872.0 188.0 72.0 and
6536.0 11872.0 344.0 76.0 search
6944.0 11880.0 192.0 72.0 and
7200.0 11880.0 160.0 72.0 the
7420.0 11884.0 112.0 72.0 de-

5264.0 11972.0 472.0 76.0 struction
5812.0 11976.0 104.0 72.0 of
5992.0 11980.0 504.0 76.0 merchant
6576.0 11988.0 360.0 68.0 vessels
7016.0 11992.0 560.0 80.0 recognized

5268.0 12080.0 120.0 84.0 by
5468.0 12080.0 692.0 84.0 international
6248.0 12088.0 212.0 88.0 law,
6552.0 12092.0 160.0 76.0 the
6792.0 12092.0 200.0 76.0 sole
7076.0 12100.0 496.0 84.0 exception

5268.0 12188.0 276.0 88.0 being
5604.0 12192.0 160.0 76.0 the
5820.0 12196.0 408.0 76.0 conduct
6284.0 12200.0 104.0 72.0 of
6444.0 12200.0 416.0 72.0 warfare
6912.0 12204.0 388.0 84.0 against
7356.0 12228.0 172.0 56.0 ene-

5264.0 12312.0 160.0 68.0 my
5496.0 12300.0 272.0 72.0 trade
5840.0 12304.0 372.0 72.0 carried
6280.0 12324.0 120.0 56.0 on
6468.0 12328.0 336.0 68.0 enemy
6880.0 12312.0 360.0 84.0 freight
7308.0 12316.0 268.0 88.0 ships

5260.0 12412.0 640.0 68.0 encountered
5976.0 12412.0 88.0 72.0 in
6136.0 12412.0 156.0 76.0 the
6368.0 12432.0 200.0 56.0 war
6632.0 12436.0 232.0 60.0 zone
6928.0 12428.0 648.0 84.0 surrounding

5264.0 12516.0 296.0 72.0 Great
5628.0 12516.0 400.0 76.0 Britain.
6156.0 12520.0 260.0 72.0 With
6492.0 12528.0 348.0 80.0 regard
6916.0 12536.0 92.0 68.0 to
7084.0 12532.0 292.0 88.0 these,
7460.0 12556.0 116.0 52.0 no

5264.0 12640.0 580.0 60.0 assurances
5924.0 12628.0 244.0 72.0 have
6252.0 12652.0 224.0 52.0 ever
6560.0 12632.0 228.0 76.0 been
6872.0 12640.0 280.0 80.0 given
7236.0 12652.0 96.0 64.0 to
7416.0 12644.0 160.0 76.0 the

5264.0 12744.0 624.0 72.0 government
5976.0 12740.0 104.0 72.0 of
6208.0 12740.0 160.0 72.0 the
6500.0 12740.0 352.0 80.0 United
6940.0 12744.0 348.0 80.0 States.
7428.0 12752.0 144.0 72.0 No

5264.0 12844.0 232.0 68.0 such
5596.0 12864.0 580.0 56.0 assurances
6272.0 12868.0 160.0 52.0 are
6532.0 12856.0 504.0 72.0 contained
7180.0 12860.0 88.0 72.0 in
7416.0 12860.0 156.0 72.0 the

5260.0 12948.0 592.0 80.0 declaration
5920.0 12956.0 100.0 72.0 of
6084.0 12956.0 496.0 88.0 February
6636.0 12960.0 68.0 84.0 8,
6772.0 12964.0 196.0 72.0 1916.

5348.0 13060.0 132.0 72.0 As
5572.0 13060.0 156.0 72.0 the
5808.0 13060.0 416.0 76.0 German
6308.0 13080.0 628.0 72.0 government
7020.0 13076.0 548.0 84.0 repeatedly

5260.0 13164.0 472.0 96.0 declared,
5804.0 13172.0 72.0 72.0 it
5944.0 13184.0 352.0 64.0 cannot
6364.0 13176.0 436.0 84.0 dispense
6872.0 13180.0 228.0 72.0 with
7176.0 13184.0 160.0 76.0 the
7408.0 13204.0 164.0 56.0 use

5260.0 13276.0 100.0 72.0 of
5436.0 13276.0 156.0 76.0 the
5664.0 13284.0 552.0 72.0 submarine
6296.0 13304.0 388.0 64.0 weapon
6764.0 13288.0 88.0 72.0 in
6928.0 13288.0 160.0 76.0 the
7164.0 13296.0 408.0 72.0 conduct

5260.0 13384.0 104.0 68.0 of
5464.0 13388.0 420.0 72.0 warfare
5992.0 13392.0 384.0 80.0 against
6480.0 13412.0 336.0 68.0 enemy
6924.0 13400.0 296.0 76.0 trade.
7376.0 13400.0 196.0 72.0 The

5256.0 13488.0 420.0 76.0 German
5788.0 13504.0 652.0 84.0 government,
6528.0 13500.0 464.0 92.0 however,
7072.0 13508.0 180.0 76.0 has
7364.0 13532.0 204.0 52.0 now

5260.0 13604.0 388.0 72.0 decided
5724.0 13608.0 96.0 72.0 to
5900.0 13612.0 280.0 68.0 make
6256.0 13608.0 68.0 72.0 it
6400.0 13628.0 60.0 52.0 a
6536.0 13612.0 376.0 72.0 further
6980.0 13620.0 584.0 80.0 concession,

5260.0 13712.0 464.0 84.0 adapting
5812.0 13716.0 436.0 72.0 methods
6344.0 13720.0 100.0 68.0 of
6532.0 13720.0 556.0 80.0 submarine
7188.0 13744.0 196.0 52.0 war
7476.0 13732.0 92.0 68.0 to

5268.0 13820.0 156.0 72.0 the
5496.0 13820.0 456.0 76.0 interests
6020.0 13824.0 104.0 72.0 of
6196.0 13828.0 456.0 72.0 neutrals.

5348.0 13928.0 108.0 68.0 In
5552.0 13928.0 456.0 88.0 reaching
6104.0 13932.0 192.0 76.0 this
6388.0 13936.0 412.0 76.0 decision
6900.0 13940.0 156.0 76.0 the
7152.0 13944.0 412.0 72.0 German

5256.0 14044.0 628.0 72.0 government
5952.0 14040.0 76.0 72.0 Is
6100.0 14044.0 456.0 72.0 actuated
6624.0 14044.0 116.0 84.0 by
6808.0 14052.0 760.0 76.0 considerations

5260.0 14144.0 304.0 72.0 which
5628.0 14164.0 168.0 56.0 are
5856.0 14148.0 304.0 76.0 above
6224.0 14152.0 156.0 76.0 the
6444.0 14152.0 240.0 80.0 l""eI
6740.0 14156.0 104.0 72.0 of
6904.0 14160.0 156.0 72.0 the
7124.0 14160.0 440.0 88.0 disputed

5260.0 14252.0 468.0 84.0 question.

5264.0 14384.0 344.0 112.0 Keeps
5684.0 14388.0 580.0 108.0 Principles
6332.0 14392.0 112.0 84.0 of

5264.0 14528.0 568.0 104.0 Humanity
5912.0 14528.0 92.0 84.0 in
6080.0 14528.0 316.0 88.0 View.

5344.0 14664.0 200.0 72.0 The
5644.0 14668.0 420.0 76.0 German
6168.0 14684.0 628.0 72.0 government
6900.0 14680.0 444.0 76.0 attaches
7448.0 14704.0 116.0 56.0 no

5256.0 14772.0 188.0 76.0 less
5532.0 14776.0 592.0 84.0 importance
6212.0 14792.0 96.0 60.0 to
6392.0 14784.0 160.0 72.0 the
6632.0 14788.0 332.0 72.0 sacred
7056.0 14792.0 508.0 88.0 principles

5256.0 14884.0 100.0 68.0 of
5424.0 14880.0 504.0 92.0 humanity
6004.0 14888.0 232.0 72.0 than
6304.0 14888.0 160.0 80.0 the
6536.0 14908.0 628.0 68.0 gi-vernment
7232.0 14904.0 104.0 72.0 of
7404.0 14904.0 160.0 72.0 the

5260.0 14988.0 344.0 76.0 United
5680.0 14992.0 348.0 76.0 States.
6160.0 14996.0 88.0 76.0 It
6324.0 15000.0 284.0 80.0 again
6692.0 15004.0 240.0 84.0 fully
7016.0 15008.0 272.0 76.0 takes
7364.0 15012.0 200.0 76.0 into

5256.0 15108.0 404.0 64.0 account
5736.0 15104.0 212.0 72.0 that
6016.0 15104.0 224.0 72.0 both
6312.0 15096.0 680.0 92.0 governments
7064.0 15116.0 148.0 72.0 for
7272.0 15136.0 292.0 68.0 many

5256.0 15224.0 284.0 64.0 years
5620.0 15212.0 616.0 84.0 co-operated
6324.0 15216.0 88.0 68.0 in
6496.0 15216.0 564.0 92.0 dev'oping
7140.0 15224.0 384.0 76.0 interna-

5260.0 15316.0 292.0 76.0 tional
5620.0 15320.0 180.0 72.0 law
5872.0 15320.0 92.0 72.0 in
6028.0 15324.0 584.0 84.0 conformity
6684.0 15332.0 220.0 68.0 with
6980.0 15332.0 268.0 80.0 these
7312.0 15340.0 208.0 84.0 prin-

5256.0 15428.0 320.0 84.0 ciples,
5664.0 15428.0 160.0 72.0 the
5900.0 15428.0 440.0 80.0 ultimate
6420.0 15436.0 320.0 84.0 object
6816.0 15440.0 104.0 72.0 of
7004.0 15444.0 304.0 72.0 which
7388.0 15448.0 176.0 72.0 has

5256.0 15536.0 368.0 80.0 always
5716.0 15536.0 232.0 72.0 been
6040.0 15544.0 92.0 68.0 to
6220.0 15544.0 372.0 72.0 confine
6684.0 15548.0 416.0 76.0 warfare
7188.0 15572.0 120.0 52.0 on
7396.0 15576.0 172.0 56.0 sea

5252.0 15648.0 188.0 68.0 and
5520.0 15644.0 216.0 72.0 land
5816.0 15652.0 96.0 68.0 to
5988.0 15652.0 324.0 68.0 armed
6392.0 15652.0 312.0 76.0 forces
6776.0 15656.0 104.0 72.0 of
6956.0 15660.0 604.0 84.0 belligerents

5256.0 15752.0 180.0 72.0 and
5508.0 15760.0 96.0 64.0 to
5668.0 15756.0 528.0 80.0 safeguard
6268.0 15776.0 108.0 56.0 as
6452.0 15760.0 156.0 72.0 far
6672.0 15780.0 108.0 56.0 as
6852.0 15768.0 408.0 80.0 possible
7332.0 15792.0 184.0 56.0 non-

5256.0 15860.0 612.0 76.0 combatants
5952.0 15864.0 392.0 84.0 against
6432.0 15868.0 156.0 76.0 the
6676.0 15868.0 384.0 80.0 horrors
7144.0 15880.0 104.0 72.0 of
7336.0 15900.0 220.0 56.0 war.

5256.0 15968.0 184.0 72.0 But
5516.0 15964.0 460.0 88.0 although
6056.0 15972.0 268.0 72.0 these
6396.0 15976.0 764.0 84.0 considerations
7228.0 16008.0 168.0 60.0 are
7464.0 15992.0 100.0 72.0 of

5252.0 16092.0 276.0 68.0 great
5588.0 16080.0 380.0 84.0 weight,
6040.0 16084.0 224.0 80.0 they
6324.0 16084.0 280.0 76.0 alone
6668.0 16092.0 308.0 72.0 would
7040.0 16104.0 160.0 64.0 not
7264.0 16100.0 300.0 72.0 under

5252.0 16192.0 380.0 80.0 present
5752.0 16192.0 752.0 76.0 circumstances
6616.0 16196.0 248.0 76.0 have
6972.0 16204.0 584.0 80.0 determined

5256.0 16296.0 156.0 72.0 the
5496.0 16296.0 412.0 76.0 attitude
5984.0 16300.0 104.0 72.0 of
6168.0 16300.0 160.0 72.0 the
6408.0 16300.0 416.0 80.0 German
6900.0 16324.0 656.0 68.0 government.

5256.0 16404.0 184.0 72.0 For
5508.0 16404.0 88.0 72.0 in
5672.0 16424.0 376.0 56.0 answer
6116.0 16412.0 92.0 68.0 to
6280.0 16408.0 156.0 76.0 the
6504.0 16416.0 340.0 80.0 appeal
6916.0 16420.0 116.0 84.0 by
7104.0 16424.0 160.0 72.0 the
7332.0 16444.0 184.0 68.0 gov-

5252.0 16520.0 436.0 68.0 ernment
5772.0 16516.0 100.0 72.0 of
5956.0 16516.0 156.0 76.0 the
6200.0 16520.0 344.0 72.0 United
6628.0 16524.0 324.0 76.0 Stales
7028.0 16548.0 120.0 56.0 on
7236.0 16532.0 328.0 76.0 behalf

5252.0 16620.0 104.0 72.0 of
5416.0 16624.0 160.0 72.0 the
5648.0 16624.0 332.0 72.0 sacred
6052.0 16624.0 512.0 88.0 principles
6632.0 16632.0 96.0 72.0 of
6800.0 16628.0 504.0 96.0 humanity
7372.0 16648.0 188.0 68.0 and

5256.0 16728.0 676.0 76.0 international
6028.0 16732.0 204.0 88.0 law,
6328.0 16736.0 160.0 76.0 the
6612.0 16740.0 416.0 76.0 German
7160.0 16768.0 352.0 64.0 govern-

5256.0 16844.0 256.0 68.0 ment
5604.0 16848.0 256.0 64.0 must
5956.0 16848.0 328.0 80.0 repeat
6372.0 16864.0 232.0 56.0 once
6700.0 16868.0 256.0 56.0 more
7084.0 16856.0 220.0 72.0 with
7432.0 16860.0 128.0 72.0 all

5252.0 16940.0 516.0 88.0 emphasis,
5868.0 16944.0 212.0 80.0 that
6176.0 16948.0 72.0 76.0 it
6340.0 16968.0 196.0 56.0 was
6632.0 16968.0 160.0 64.0 not
6888.0 16960.0 160.0 72.0 the
7140.0 16964.0 420.0 76.0 German

5252.0 17056.0 164.0 76.0 but
5476.0 17056.0 160.0 76.0 the
5696.0 17060.0 356.0 72.0 British
6112.0 17072.0 628.0 76.0 government
6800.0 17068.0 304.0 76.0 which
7172.0 17076.0 384.0 84.0 ignored

5252.0 17164.0 124.0 72.0 all
5428.0 17168.0 452.0 84.0 accepted
5940.0 17172.0 248.0 72.0 rules
6244.0 17172.0 100.0 72.0 of
6392.0 17172.0 688.0 80.0 International
7136.0 17180.0 180.0 80.0 law
7368.0 17188.0 188.0 72.0 and

5248.0 17276.0 468.0 72.0 extended
5780.0 17276.0 188.0 76.0 this
6028.0 17280.0 352.0 72.0 terrific
6444.0 17300.0 196.0 52.0 war
6700.0 17288.0 92.0 72.0 to
6856.0 17288.0 156.0 72.0 the
7080.0 17288.0 232.0 76.0 lives
7368.0 17296.0 188.0 76.0 and

5252.0 17388.0 448.0 80.0 property
5760.0 17384.0 100.0 72.0 of
5920.0 17388.0 832.0 88.0 noncombatants,
6820.0 17392.0 356.0 88.0 having
7240.0 17420.0 116.0 56.0 no
7416.0 17420.0 100.0 56.0 re-

5252.0 17496.0 236.0 80.0 gard
5600.0 17492.0 484.0 76.0 whatever
6184.0 17496.0 148.0 72.0 for
6472.0 17500.0 160.0 72.0 the
6776.0 17504.0 456.0 76.0 Interests
7372.0 17512.0 184.0 76.0 and

5252.0 17600.0 308.0 84.0 rights
5672.0 17604.0 104.0 72.0 of
5896.0 17604.0 428.0 76.0 neutrals
6444.0 17608.0 184.0 72.0 and
6756.0 17620.0 804.0 76.0 noncombatants

5256.0 17708.0 208.0 76.0 that
5524.0 17708.0 416.0 84.0 through
6000.0 17712.0 192.0 72.0 this
6252.0 17712.0 380.0 76.0 method
6684.0 17720.0 104.0 72.0 of
6840.0 17724.0 416.0 76.0 warfare
7316.0 17728.0 240.0 72.0 have

5252.0 17820.0 232.0 68.0 been
5544.0 17820.0 432.0 84.0 severely
6040.0 17820.0 400.0 84.0 injured.

5340.0 17924.0 104.0 72.0 In
5524.0 17924.0 632.0 80.0 self-defense
6236.0 17932.0 384.0 80.0 against
6700.0 17936.0 160.0 76.0 the
6940.0 17940.0 316.0 84.0 illegal
7336.0 17964.0 176.0 56.0 con-

5248.0 18040.0 224.0 68.0 duct
5540.0 18036.0 104.0 72.0 of
5716.0 18036.0 356.0 80.0 British
6156.0 18040.0 440.0 84.0 warfare,
6672.0 18044.0 276.0 72.0 while
7020.0 18048.0 412.0 92.0 fighting
7504.0 18076.0 56.0 52.0 a

5252.0 18144.0 288.0 72.0 bitter
5656.0 18144.0 432.0 84.0 struggle
6224.0 18148.0 148.0 72.0 for
6496.0 18152.0 428.0 72.0 national
7040.0 18160.0 512.0 84.0 existence,

5252.0 18252.0 484.0 84.0 Germany
5824.0 18252.0 180.0 76.0 had
6092.0 18268.0 88.0 60.0 to
6264.0 18264.0 308.0 68.0 resort
6652.0 18264.0 96.0 68.0 to
6828.0 18264.0 160.0 76.0 the
7072.0 18268.0 236.0 72.0 hard
7388.0 18272.0 168.0 72.0 but

5244.0 18360.0 444.0 76.0 effective
5756.0 18380.0 392.0 68.0 weapon
6224.0 18364.0 100.0 72.0 of
6392.0 18368.0 552.0 76.0 submarine
7016.0 18380.0 444.0 72.0 warfare.

5340.0 18472.0 128.0 72.0 As
5548.0 18476.0 408.0 68.0 matters
6024.0 18472.0 316.0 80.0 stand,
6424.0 18476.0 160.0 72.0 the
6660.0 18476.0 416.0 76.0 German
7152.0 18504.0 360.0 64.0 govern-

5248.0 18584.0 256.0 68.0 ment
5568.0 18592.0 356.0 64.0 cannot
5988.0 18580.0 168.0 76.0 but
6220.0 18584.0 448.0 76.0 reiterate
6736.0 18596.0 316.0 76.0 regret
7120.0 18592.0 212.0 76.0 that
7396.0 18596.0 160.0 72.0 the

5248.0 18688.0 568.0 72.0 sentiments
5864.0 18692.0 100.0 68.0 of
6020.0 18688.0 504.0 88.0 humanity
6580.0 18692.0 304.0 76.0 which
6944.0 18700.0 156.0 72.0 the
7152.0 18720.0 356.0 64.0 govern-

5252.0 18800.0 260.0 68.0 ment
5592.0 18796.0 100.0 72.0 of
5772.0 18796.0 156.0 76.0 the
6012.0 18800.0 348.0 72.0 United
6440.0 18800.0 324.0 76.0 States
6840.0 18808.0 404.0 76.0 extends
7324.0 18812.0 228.0 72.0 with

5248.0 18904.0 232.0 72.0 such
5576.0 18908.0 320.0 72.0 fervor
5992.0 18912.0 92.0 68.0 to
6184.0 18908.0 160.0 72.0 the
6436.0 18908.0 452.0 88.0 unhappy
6988.0 18916.0 376.0 76.0 victims
7456.0 18924.0 104.0 68.0 of

5248.0 19016.0 548.0 72.0 submarine
5860.0 19016.0 416.0 72.0 warfare
6340.0 19036.0 168.0 56.0 are
6572.0 19032.0 156.0 60.0 not
6792.0 19024.0 468.0 72.0 extended
7328.0 19028.0 224.0 76.0 with

5252.0 19124.0 156.0 72.0 the
5500.0 19144.0 268.0 56.0 same
5856.0 19124.0 412.0 72.0 warmth
6356.0 19128.0 104.0 72.0 of
6592.0 19128.0 352.0 84.0 feeling
7080.0 19140.0 92.0 64.0 to
7268.0 19156.0 284.0 68.0 many

5252.0 19232.0 408.0 72.0 millions
5728.0 19236.0 100.0 68.0 of
5896.0 19252.0 360.0 56.0 women
6328.0 19236.0 188.0 68.0 and
6592.0 19236.0 420.0 72.0 children
7084.0 19240.0 236.0 92.0 who,
7400.0 19264.0 112.0 52.0 ac-

5248.0 19340.0 392.0 84.0 cording
5732.0 19348.0 92.0 68.0 to
5916.0 19344.0 160.0 72.0 the
6164.0 19344.0 388.0 72.0 avowed
6648.0 19344.0 468.0 76.0 intention
7204.0 19352.0 104.0 72.0 of
7396.0 19356.0 160.0 72.0 the

5248.0 19452.0 360.0 72.0 British
5672.0 19456.0 656.0 80.0 government,
6392.0 19452.0 244.0 72.0 shall
6708.0 19456.0 108.0 72.0 be
6880.0 19460.0 416.0 80.0 starved,
7368.0 19464.0 184.0 72.0 and

5256.0 19560.0 232.0 80.0 who,
5580.0 19560.0 120.0 84.0 by
5788.0 19560.0 548.0 84.0 sufferings,
6428.0 19560.0 248.0 72.0 shall
6772.0 19564.0 256.0 72.0 force
7120.0 19564.0 156.0 76.0 the
7364.0 19568.0 148.0 72.0 vic-

5252.0 19668.0 356.0 72.0 torious
5680.0 19672.0 352.0 72.0 armies
6096.0 19672.0 100.0 72.0 of
6268.0 19672.0 156.0 72.0 the
6488.0 19672.0 364.0 72.0 central
6924.0 19688.0 364.0 68.0 powers
7356.0 19676.0 200.0 72.0 into

5256.0 19780.0 624.0 80.0 Ignominious
5976.0 19780.0 656.0 84.0 capitulation.

5368.0 19880.0 204.0 76.0 The
5668.0 19884.0 432.0 72.0 German
6200.0 19888.0 696.0 80.0 government,
6996.0 19884.0 96.0 72.0 in
7184.0 19904.0 360.0 68.0 agree-

5316.0 20252.0 260.0 84.0 Nine
5656.0 20248.0 296.0 80.0 Miles
6024.0 20244.0 600.0 84.0 Southwest
6692.0 20236.0 108.0 84.0 of
6864.0 20236.0 628.0 80.0 Jerusalem.
7604.0 20228.0 4.0 88.0 !

5372.0 20388.0 220.0 84.0 The
5672.0 20388.0 292.0 92.0 story
6040.0 20380.0 88.0 84.0 is
6204.0 20376.0 216.0 88.0 told
6496.0 20376.0 112.0 80.0 of
6680.0 20396.0 60.0 60.0 a
6812.0 20372.0 432.0 84.0 teacher
7324.0 20368.0 228.0 84.0 who

5256.0 20548.0 204.0 64.0 was
5520.0 20516.0 676.0 92.0 accustomed
6256.0 20516.0 112.0 84.0 to
6424.0 20512.0 188.0 84.0 ask
6676.0 20512.0 180.0 84.0 the
6916.0 20532.0 292.0 64.0 same
7268.0 20528.0 252.0 76.0 ques-

5252.0 20668.0 212.0 84.0 tion
5524.0 20664.0 112.0 84.0 of
5696.0 20660.0 176.0 84.0 the
5936.0 20676.0 292.0 64.0 same
6288.0 20648.0 424.0 88.0 scholar
6772.0 20648.0 256.0 88.0 each
7096.0 20644.0 456.0 100.0 Sunday.

5252.0 20800.0 248.0 88.0 Tom
5564.0 20800.0 392.0 96.0 always
6020.0 20792.0 196.0 84.0 had
6284.0 20788.0 180.0 84.0 the
6528.0 20788.0 516.0 96.0 question,
7108.0 20784.0 444.0 80.0 "Where

5256.0 20968.0 80.0 60.0 is
5396.0 20944.0 180.0 84.0 the
5636.0 20940.0 356.0 84.0 lesson
6056.0 20924.0 544.0 92.0 located?"
6664.0 20928.0 160.0 80.0 He
6884.0 20948.0 212.0 60.0 was
7156.0 20920.0 396.0 100.0 atwuys

5256.0 21076.0 500.0 104.0 prepared
5868.0 21096.0 128.0 60.0 on
6104.0 21068.0 180.0 84.0 the
6388.0 21064.0 520.0 100.0 question,
7012.0 21060.0 200.0 84.0 and
7324.0 21060.0 224.0 84.0 that

5260.0 21224.0 300.0 92.0 "leing
5640.0 21208.0 544.0 92.0 answered
6276.0 21204.0 188.0 84.0 felt
6544.0 21224.0 128.0 68.0 no
6760.0 21200.0 408.0 84.0 further
7248.0 21200.0 276.0 84.0 Inter-

5312.0 21364.0 96.0 80.0 st
5476.0 21360.0 100.0 80.0 In
5640.0 21356.0 180.0 84.0 the
5884.0 21348.0 384.0 84.0 lesson.
6396.0 21344.0 256.0 80.0 Tom
6720.0 21360.0 212.0 60.0 was
6996.0 21356.0 296.0 80.0 away
7356.0 21356.0 196.0 64.0 one

5292.0 21496.0 408.0 96.0 Sunday.
5832.0 21488.0 152.0 84.0 On
6048.0 21484.0 184.0 84.0 the
6292.0 21480.0 420.0 96.0 Sunday
6780.0 21476.0 532.0 96.0 following
7376.0 21472.0 176.0 84.0 the

5300.0 21636.0 376.0 84.0 eacher
5752.0 21624.0 360.0 92.0 asked,
6192.0 21616.0 444.0 84.0 "Where
6720.0 21636.0 272.0 64.0 were
7072.0 21632.0 196.0 80.0 you
7352.0 21612.0 200.0 80.0 last

5328.0 21772.0 376.0 100.0 unday,
5780.0 21760.0 388.0 92.0 Tom?"
6244.0 21756.0 200.0 88.0 and
6524.0 21756.0 128.0 84.0 he
6728.0 21748.0 548.0 88.0 answered
7360.0 21768.0 164.0 64.0 me-

5316.0 21908.0 564.0 100.0 'lanically:
5980.0 21900.0 332.0 84.0 "Nine
6396.0 21896.0 304.0 80.0 miles
6784.0 21892.0 584.0 84.0 southwest
7448.0 21888.0 108.0 84.0 of

5384.0 22052.0 444.0 92.0 -cm'p'i
5884.0 22036.0 724.0 84.0 "--Christian
6692.0 22028.0 420.0 88.0 Herald.

7744.0 864.0 272.0 68.0 ment
8092.0 864.0 244.0 72.0 with
8420.0 868.0 164.0 72.0 the
8660.0 872.0 432.0 72.0 German
9160.0 876.0 380.0 88.0 people,
9616.0 876.0 244.0 72.0 falls
9932.0 880.0 104.0 68.0 to

7744.0 972.0 624.0 72.0 understand
8456.0 980.0 168.0 68.0 the
8708.0 980.0 840.0 84.0 discrimination,
9640.0 984.0 132.0 72.0 all
9864.0 984.0 168.0 72.0 the

7744.0 1092.0 272.0 52.0 more
8076.0 1096.0 112.0 52.0 as
8260.0 1080.0 72.0 72.0 it
8404.0 1084.0 180.0 68.0 has
8652.0 1092.0 584.0 80.0 repeatedly
9300.0 1092.0 196.0 68.0 and
9564.0 1092.0 408.0 80.0 explicit-

7740.0 1180.0 100.0 80.0 ly
7904.0 1184.0 464.0 72.0 declared
8432.0 1192.0 288.0 68.0 Itself
8784.0 1196.0 304.0 84.0 ready
9156.0 1208.0 100.0 60.0 to
9324.0 1216.0 172.0 52.0 use
9556.0 1200.0 168.0 68.0 the
9788.0 1196.0 188.0 72.0 sub-

7740.0 1292.0 388.0 72.0 marine
8252.0 1312.0 408.0 68.0 weapon
8784.0 1300.0 96.0 68.0 In
8996.0 1304.0 296.0 68.0 strict
9408.0 1304.0 616.0 80.0 conformity

7740.0 1396.0 244.0 72.0 with
8060.0 1400.0 168.0 72.0 the
8300.0 1404.0 272.0 72.0 rules
8644.0 1408.0 104.0 68.0 of
8816.0 1408.0 736.0 72.0 international
9628.0 1412.0 216.0 76.0 law,
9916.0 1424.0 112.0 56.0 as

7744.0 1512.0 592.0 76.0 recognized
8420.0 1512.0 348.0 68.0 before
8852.0 1516.0 168.0 68.0 the
9096.0 1520.0 504.0 68.0 outbreak
9680.0 1520.0 104.0 72.0 of
9860.0 1516.0 168.0 72.0 the

7740.0 1628.0 232.0 64.0 war,
8096.0 1612.0 80.0 72.0 if
8292.0 1616.0 304.0 72.0 Great
8720.0 1620.0 396.0 72.0 Britain
9240.0 1624.0 456.0 72.0 likewise
9824.0 1640.0 204.0 52.0 was

7740.0 1720.0 304.0 84.0 ready
8120.0 1732.0 100.0 64.0 to
8288.0 1728.0 308.0 80.0 adapt
8668.0 1732.0 176.0 68.0 her
8912.0 1732.0 432.0 72.0 conduct
9412.0 1732.0 104.0 72.0 of
9588.0 1728.0 440.0 72.0 warfare

7740.0 1828.0 100.0 68.0 to
7908.0 1828.0 284.0 72.0 these
8260.0 1832.0 300.0 72.0 rules.

7856.0 1932.0 404.0 80.0 Several
8352.0 1952.0 492.0 76.0 attempts
8936.0 1948.0 284.0 68.0 made
9304.0 1944.0 128.0 84.0 by
9524.0 1948.0 168.0 68.0 the
9780.0 1964.0 192.0 64.0 gov-

7736.0 2056.0 460.0 60.0 ernment
8284.0 2048.0 104.0 68.0 of
8476.0 2052.0 164.0 68.0 the
8736.0 2052.0 360.0 72.0 United
9184.0 2052.0 340.0 72.0 States
9612.0 2060.0 100.0 64.0 to
9804.0 2068.0 168.0 68.0 pre-

7740.0 2152.0 196.0 68.0 vail
8040.0 2172.0 260.0 64.0 upon
8408.0 2156.0 168.0 72.0 the
8672.0 2160.0 384.0 68.0 British
9160.0 2168.0 660.0 76.0 government
9928.0 2164.0 96.0 64.0 to

7732.0 2264.0 164.0 64.0 act
7984.0 2264.0 656.0 84.0 accordingly
8736.0 2268.0 312.0 68.0 failed
9140.0 2268.0 428.0 72.0 because
9656.0 2264.0 104.0 72.0 of
9852.0 2264.0 176.0 72.0 flat

7736.0 2364.0 388.0 72.0 refusal
8196.0 2384.0 120.0 56.0 on
8388.0 2372.0 172.0 72.0 the
8624.0 2380.0 228.0 76.0 part
8916.0 2376.0 104.0 72.0 of
9084.0 2376.0 172.0 68.0 the
9328.0 2376.0 380.0 68.0 British
9772.0 2388.0 196.0 68.0 pov-

7732.0 2476.0 488.0 72.0 ernment.
7852.0 2580.0 548.0 88.0 Moreover,
8504.0 2588.0 308.0 72.0 Great
8920.0 2588.0 392.0 72.0 Britain
9416.0 2588.0 304.0 84.0 again
9824.0 2584.0 192.0 72.0 nnd

7732.0 2688.0 304.0 80.0 again
8144.0 2688.0 180.0 72.0 has
8424.0 2696.0 444.0 72.0 violated
8968.0 2696.0 728.0 72.0 International
9800.0 2696.0 216.0 72.0 law.

7732.0 2800.0 608.0 80.0 surpassing
8460.0 2804.0 136.0 72.0 all
8724.0 2804.0 388.0 72.0 bounds
9244.0 2804.0 92.0 72.0 in
9464.0 2800.0 560.0 84.0 outraging

7732.0 2904.0 400.0 68.0 neutral
8260.0 2908.0 356.0 84.0 rfghta.
8800.0 2912.0 208.0 72.0 The
9124.0 2912.0 312.0 72.0 latest
9560.0 2924.0 460.0 56.0 measure

7728.0 3008.0 432.0 84.0 adopted
8292.0 3020.0 96.0 68.0 to
8512.0 3016.0 308.0 76.0 Great
8948.0 3020.0 420.0 76.0 Britain,
9496.0 3016.0 528.0 80.0 declaring

7732.0 3112.0 432.0 76.0 German
8272.0 3124.0 396.0 72.0 bunker
8768.0 3132.0 212.0 68.0 coal
9088.0 3128.0 628.0 72.0 contraband
9824.0 3120.0 196.0 72.0 and

7732.0 3224.0 688.0 88.0 establishing
8540.0 3236.0 580.0 72.0 conditions
9244.0 3236.0 320.0 68.0 under
9696.0 3228.0 324.0 72.0 which

7736.0 3328.0 428.0 88.0 English
8248.0 3336.0 396.0 76.0 bunker
8720.0 3344.0 216.0 72.0 coal
9016.0 3344.0 296.0 72.0 alone
9392.0 3344.0 84.0 68.0 is
9556.0 3336.0 464.0 88.0 supplied

7732.0 3440.0 100.0 68.0 to
7896.0 3448.0 484.0 76.0 neutrals,
8448.0 3448.0 80.0 68.0 is
8592.0 3452.0 432.0 84.0 nothing
9084.0 3452.0 172.0 72.0 but
9320.0 3468.0 124.0 52.0 an
9512.0 3444.0 452.0 76.0 unheard-

7732.0 3540.0 104.0 72.0 of
7956.0 3552.0 440.0 84.0 attempt
8516.0 3556.0 128.0 84.0 by
8764.0 3576.0 224.0 64.0 way
9108.0 3560.0 104.0 72.0 of
9332.0 3556.0 464.0 72.0 exaction
9920.0 3560.0 100.0 64.0 to

7732.0 3648.0 280.0 76.0 force
8088.0 3664.0 400.0 68.0 neutral
8572.0 3672.0 444.0 80.0 tonnage
9100.0 3668.0 212.0 68.0 into
9388.0 3668.0 168.0 68.0 the
9632.0 3660.0 384.0 76.0 service

7732.0 3756.0 104.0 72.0 of
7912.0 3764.0 384.0 76.0 British
8380.0 3772.0 288.0 72.0 trade
8748.0 3792.0 236.0 56.0 war.

7728.0 3900.0 420.0 104.0 Alleges
8236.0 3908.0 624.0 88.0 Favoritism

7736.0 4040.0 88.0 80.0 Is
7888.0 4040.0 376.0 88.0 Shown
8328.0 4052.0 108.0 76.0 to
8508.0 4048.0 428.0 88.0 Britain.

7848.0 4172.0 204.0 76.0 The
8140.0 4180.0 432.0 76.0 German
8664.0 4188.0 348.0 84.0 people
9100.0 4188.0 356.0 72.0 knows
9540.0 4188.0 224.0 72.0 that
9852.0 4184.0 164.0 72.0 the

7732.0 4300.0 668.0 64.0 government
8496.0 4292.0 108.0 72.0 of
8692.0 4296.0 168.0 72.0 the
8956.0 4296.0 360.0 72.0 United
9408.0 4296.0 336.0 72.0 States
9840.0 4292.0 176.0 72.0 had

7732.0 4392.0 168.0 68.0 the
7968.0 4412.0 340.0 64.0 power
8372.0 4404.0 100.0 68.0 to
8536.0 4404.0 388.0 68.0 confine
8992.0 4404.0 168.0 72.0 the
9232.0 4420.0 204.0 52.0 war
9508.0 4408.0 100.0 68.0 to
9672.0 4400.0 344.0 72.0 armed

7732.0 4496.0 328.0 76.0 forces
8152.0 4504.0 104.0 68.0 of
8348.0 4508.0 168.0 72.0 the
8604.0 4508.0 612.0 84.0 belligerent
9308.0 4512.0 516.0 68.0 countries
9920.0 4508.0 96.0 68.0 in

7728.0 4604.0 172.0 72.0 the
7980.0 4608.0 432.0 84.0 Interest
8496.0 4616.0 108.0 72.0 of
8688.0 4616.0 532.0 84.0 humanity
9304.0 4620.0 192.0 72.0 and
9584.0 4620.0 380.0 68.0 mainte-

7728.0 4728.0 312.0 56.0 nance
8124.0 4720.0 104.0 68.0 of
8308.0 4720.0 736.0 76.0 international
9124.0 4728.0 220.0 68.0 law.
9484.0 4724.0 208.0 72.0 The
9768.0 4740.0 192.0 68.0 gov-

7728.0 4828.0 460.0 68.0 ernment
8292.0 4828.0 108.0 72.0 of
8500.0 4832.0 168.0 72.0 the
8780.0 4832.0 360.0 72.0 United
9244.0 4836.0 336.0 68.0 States
9680.0 4828.0 336.0 76.0 would

7728.0 4928.0 252.0 72.0 have
8044.0 4932.0 244.0 72.0 been
8352.0 4940.0 388.0 68.0 certain
8808.0 4940.0 104.0 72.0 of
8972.0 4940.0 524.0 84.0 attaining
9560.0 4940.0 204.0 72.0 this
9828.0 4936.0 184.0 76.0 end

7724.0 5032.0 188.0 76.0 had
7972.0 5040.0 76.0 72.0 it
8104.0 5040.0 248.0 76.0 been
8404.0 5044.0 628.0 76.0 determined
9088.0 5056.0 104.0 64.0 to
9248.0 5052.0 300.0 68.0 insist
9600.0 5048.0 412.0 84.0 against

7724.0 5140.0 308.0 76.0 Great
8124.0 5148.0 396.0 76.0 Britain
8624.0 5172.0 120.0 56.0 on
8844.0 5156.0 168.0 72.0 the
9104.0 5156.0 908.0 72.0 incontrovertible

7724.0 5252.0 280.0 80.0 right
8084.0 5260.0 100.0 68.0 to
8268.0 5260.0 448.0 72.0 freedom
8796.0 5264.0 108.0 72.0 of
8984.0 5264.0 168.0 72.0 the
9228.0 5284.0 252.0 52.0 seas.
9628.0 5264.0 192.0 72.0 But
9896.0 5276.0 116.0 56.0 as

7724.0 5364.0 432.0 72.0 matters
8256.0 5372.0 300.0 68.0 stand
8668.0 5372.0 168.0 72.0 the
8936.0 5376.0 428.0 68.0 German
9472.0 5372.0 352.0 88.0 people
9928.0 5372.0 84.0 68.0 is

7724.0 5468.0 320.0 72.0 undar
8112.0 5472.0 168.0 72.0 the
8356.0 5476.0 600.0 84.0 impression
9036.0 5484.0 220.0 68.0 that
9332.0 5480.0 168.0 72.0 the
9576.0 5496.0 448.0 68.0 govern-,

7724.0 5580.0 272.0 68.0 ment
8092.0 5580.0 104.0 72.0 of
8280.0 5584.0 172.0 72.0 the
8540.0 5584.0 364.0 76.0 United
8996.0 5588.0 360.0 84.0 States,
9452.0 5588.0 300.0 72.0 while
9840.0 5584.0 120.0 72.0 de-

7724.0 5684.0 484.0 88.0 manding
8280.0 5692.0 224.0 72.0 that
8576.0 5692.0 528.0 88.0 Germany,
9180.0 5696.0 600.0 84.0 struggling
9856.0 5692.0 160.0 72.0 for

7724.0 5792.0 540.0 88.0 existence,
8340.0 5800.0 260.0 72.0 shall
8684.0 5804.0 444.0 72.0 restrain
9208.0 5808.0 168.0 68.0 the
9452.0 5820.0 176.0 56.0 use
9704.0 5804.0 104.0 72.0 of
9880.0 5816.0 128.0 56.0 an

7724.0 5900.0 468.0 72.0 effective
8304.0 5924.0 444.0 68.0 weapon,
8864.0 5916.0 196.0 68.0 and
9176.0 5912.0 300.0 72.0 while
9588.0 5908.0 424.0 84.0 making

7720.0 6008.0 624.0 84.0 compliance
8416.0 6016.0 248.0 72.0 with
8740.0 6020.0 284.0 72.0 these
9092.0 6020.0 484.0 72.0 demands
9644.0 6040.0 60.0 52.0 a
9772.0 6032.0 180.0 56.0 con-

7720.0 6112.0 320.0 76.0 dition
8168.0 6120.0 160.0 72.0 for
8456.0 6124.0 708.0 76.0 maintenance
9288.0 6128.0 104.0 72.0 of
9520.0 6128.0 492.0 72.0 relations

7724.0 6220.0 244.0 76.0 with
8060.0 6224.0 528.0 92.0 Germany,
8680.0 6236.0 448.0 72.0 confines
9216.0 6236.0 288.0 72.0 Itself
9592.0 6236.0 100.0 72.0 to
9780.0 6248.0 176.0 72.0 pro-

7720.0 6328.0 260.0 76.0 tests
8068.0 6336.0 416.0 84.0 against
8580.0 6340.0 352.0 88.0 illegal
9024.0 6344.0 460.0 72.0 methods
9572.0 6336.0 436.0 92.0 adopted

7724.0 6436.0 128.0 84.0 by
7928.0 6440.0 592.0 88.0 Germany's
8600.0 6452.0 468.0 72.0 enemies.
9204.0 6452.0 552.0 80.0 Moreover,
9840.0 6448.0 168.0 68.0 the

7720.0 6544.0 432.0 76.0 German
8232.0 6556.0 348.0 80.0 people
8656.0 6556.0 356.0 76.0 knows
9092.0 6560.0 100.0 72.0 to
9264.0 6560.0 272.0 72.0 what
9608.0 6556.0 348.0 76.0 consid-

7720.0 6656.0 340.0 72.0 erable
8140.0 6664.0 348.0 68.0 extent
8568.0 6664.0 132.0 72.0 its
8772.0 6668.0 444.0 72.0 enemies
9292.0 6684.0 176.0 56.0 are
9544.0 6660.0 464.0 88.0 supplied

7720.0 6764.0 248.0 72.0 with
8060.0 6768.0 136.0 72.0 all
8292.0 6768.0 300.0 76.0 kinds
8684.0 6772.0 108.0 72.0 of
8880.0 6792.0 212.0 52.0 war
9180.0 6772.0 468.0 76.0 material
9748.0 6768.0 260.0 72.0 from

7720.0 6868.0 172.0 72.0 the
7960.0 6868.0 368.0 80.0 United
8396.0 6876.0 364.0 80.0 States.

7840.0 6980.0 88.0 72.0 It
7992.0 6984.0 236.0 84.0 will,
8300.0 6988.0 540.0 88.0 therefore,
8916.0 6992.0 116.0 72.0 be
9100.0 6988.0 616.0 76.0 understood
9784.0 6988.0 224.0 72.0 that

7720.0 7084.0 172.0 72.0 the
7956.0 7092.0 356.0 84.0 appeal
8384.0 7096.0 284.0 72.0 made
8740.0 7100.0 124.0 84.0 by
8932.0 7100.0 168.0 72.0 the
9164.0 7100.0 668.0 84.0 government
9904.0 7092.0 104.0 76.0 of

7720.0 7192.0 168.0 76.0 the
7956.0 7196.0 364.0 76.0 United
8392.0 7204.0 336.0 72.0 States
8800.0 7212.0 100.0 68.0 to
8968.0 7208.0 612.0 72.0 sentiments
9648.0 7204.0 104.0 72.0 of
9824.0 7204.0 124.0 72.0 hu-

7716.0 7304.0 392.0 84.0 manity
8180.0 7308.0 196.0 72.0 and
8456.0 7312.0 552.0 84.0 principles
9084.0 7316.0 104.0 72.0 of
9268.0 7312.0 736.0 76.0 international

7716.0 7408.0 196.0 72.0 law
8024.0 7420.0 376.0 68.0 cannot
8508.0 7420.0 316.0 72.0 under
8932.0 7424.0 172.0 72.0 the
9208.0 7424.0 800.0 72.0 circumstances

7720.0 7524.0 260.0 68.0 meet
8096.0 7524.0 168.0 72.0 the
8384.0 7524.0 360.0 88.0 hearty
8860.0 7548.0 484.0 68.0 response
9460.0 7528.0 256.0 72.0 from
9840.0 7528.0 168.0 72.0 the

7712.0 7624.0 436.0 76.0 German
8236.0 7636.0 352.0 80.0 people
8676.0 7636.0 328.0 76.0 which
9088.0 7640.0 248.0 72.0 such
9428.0 7656.0 128.0 52.0 an
9640.0 7632.0 364.0 88.0 appeal

7712.0 7736.0 548.0 76.0 otherwise
8376.0 7744.0 392.0 84.0 always
8884.0 7748.0 84.0 72.0 Is
9080.0 7744.0 388.0 76.0 certain
9588.0 7752.0 104.0 68.0 to
9808.0 7744.0 196.0 72.0 find

7716.0 7840.0 260.0 76.0 here.

7828.0 7956.0 96.0 72.0 If
7984.0 7956.0 172.0 72.0 the
8216.0 7956.0 436.0 80.0 German
8724.0 7964.0 696.0 84.0 government,
9468.0 7964.0 536.0 72.0 neverthe-
10068.0 8016.0 4.0 16.0 ,

7712.0 8060.0 228.0 80.0 less,
8036.0 8064.0 84.0 72.0 is
8208.0 8072.0 464.0 72.0 resolved
8760.0 8076.0 100.0 72.0 to
8952.0 8092.0 128.0 64.0 go
9168.0 8076.0 104.0 72.0 to
9364.0 8072.0 168.0 72.0 the
9616.0 8072.0 376.0 72.0 utmost

7712.0 8172.0 264.0 72.0 limit
8036.0 8172.0 104.0 72.0 of
8196.0 8180.0 676.0 84.0 concessions,
8940.0 8180.0 80.0 72.0 it
9080.0 8180.0 180.0 72.0 has
9316.0 8180.0 252.0 72.0 been
9636.0 8176.0 364.0 88.0 guided
10068.0 8208.0 4.0 32.0 :

7652.0 8300.0 4.0 92.0 j
7712.0 8280.0 176.0 72.0 not
7952.0 8280.0 296.0 76.0 alone
8316.0 8284.0 132.0 84.0 by
8516.0 8288.0 168.0 72.0 the
8756.0 8288.0 572.0 88.0 friendship
9392.0 8288.0 612.0 80.0 connecting
10068.0 8268.0 4.0 100.0 !

7712.0 8388.0 168.0 72.0 the
7984.0 8392.0 204.0 72.0 two
8292.0 8396.0 296.0 80.0 great
8696.0 8396.0 408.0 72.0 nations
9208.0 8396.0 160.0 72.0 for
9472.0 8412.0 240.0 56.0 over
9816.0 8412.0 188.0 56.0 one
10068.0 8412.0 4.0 76.0 j

7652.0 8480.0 4.0 36.0 1
7712.0 8496.0 456.0 72.0 hundred
8228.0 8516.0 324.0 64.0 years,
8620.0 8500.0 180.0 76.0 but
8856.0 8504.0 220.0 72.0 also
9140.0 8504.0 128.0 84.0 by
9332.0 8504.0 168.0 72.0 the
9560.0 8500.0 444.0 88.0 thought
10068.0 8508.0 4.0 88.0 j

7712.0 8600.0 104.0 76.0 of
7884.0 8604.0 168.0 72.0 the
8120.0 8608.0 296.0 84.0 great
8484.0 8608.0 288.0 76.0 doom
8836.0 8612.0 332.0 72.0 which
9236.0 8612.0 532.0 72.0 threatens
9832.0 8612.0 172.0 72.0 the

7712.0 8712.0 324.0 72.0 entire
8108.0 8712.0 464.0 76.0 civilized
8652.0 8720.0 320.0 72.0 world
9040.0 8720.0 364.0 72.0 should
9480.0 8720.0 172.0 72.0 the
9724.0 8716.0 280.0 76.0 cruel

7708.0 8820.0 196.0 68.0 and
7992.0 8824.0 640.0 84.0 sanguinary
8720.0 8844.0 212.0 52.0 war
9016.0 8828.0 120.0 72.0 be
9224.0 8828.0 492.0 72.0 extended
9800.0 8824.0 200.0 72.0 and

7708.0 8924.0 584.0 88.0 prolonged.

7820.0 9036.0 212.0 72.0 The
8132.0 9036.0 432.0 76.0 German
8672.0 9044.0 696.0 84.0 government,
9468.0 9040.0 536.0 80.0 conscious

7708.0 9140.0 108.0 72.0 of
7920.0 9144.0 596.0 88.0 Germany's
8620.0 9152.0 504.0 84.0 strength,
9236.0 9152.0 296.0 72.0 twice
9636.0 9152.0 360.0 72.0 within

7708.0 9252.0 172.0 72.0 the
7952.0 9252.0 200.0 72.0 last
8228.0 9256.0 196.0 72.0 few
8500.0 9260.0 408.0 72.0 months
8976.0 9260.0 596.0 72.0 announced
9652.0 9260.0 348.0 72.0 before

7708.0 9360.0 172.0 72.0 the
7960.0 9364.0 312.0 72.0 world
8348.0 9364.0 136.0 72.0 its
8556.0 9368.0 524.0 72.0 readiness
9152.0 9368.0 104.0 76.0 to
9332.0 9368.0 296.0 72.0 make
9700.0 9384.0 300.0 68.0 peace

7704.0 9484.0 124.0 56.0 on
7896.0 9488.0 56.0 52.0 a
8024.0 9468.0 276.0 72.0 basis
8364.0 9472.0 752.0 88.0 safeguarding
9184.0 9476.0 596.0 84.0 Germany's
9848.0 9476.0 92.0 72.0 vi-

7708.0 9576.0 144.0 72.0 tal
7924.0 9576.0 516.0 88.0 interests,
8516.0 9584.0 240.0 68.0 thus
8828.0 9584.0 568.0 84.0 Indicating
9468.0 9588.0 228.0 72.0 that
9764.0 9584.0 80.0 72.0 it
9916.0 9584.0 80.0 72.0 is

7708.0 9688.0 172.0 68.0 not
7976.0 9684.0 596.0 88.0 Germany's
8664.0 9688.0 268.0 76.0 fault
9028.0 9692.0 80.0 72.0 if
9200.0 9712.0 304.0 64.0 peace
9600.0 9692.0 88.0 72.0 is
9780.0 9688.0 216.0 76.0 still

7708.0 9792.0 492.0 72.0 withheld
8288.0 9796.0 260.0 72.0 from
8632.0 9800.0 168.0 72.0 the
8884.0 9800.0 412.0 72.0 nations
9380.0 9800.0 108.0 76.0 of
9572.0 9800.0 424.0 84.0 Europe.

7700.0 9900.0 208.0 72.0 The
7992.0 9900.0 432.0 76.0 German
8512.0 9912.0 672.0 80.0 government
9264.0 9908.0 256.0 72.0 feels
9604.0 9908.0 136.0 72.0 all
9828.0 9908.0 164.0 72.0 the

7704.0 10024.0 276.0 56.0 more
8032.0 10008.0 452.0 84.0 justified
8548.0 10012.0 96.0 72.0 In
8704.0 10016.0 532.0 84.0 declaring
9292.0 10016.0 224.0 72.0 that
9576.0 10032.0 364.0 68.0 respon-

7704.0 10116.0 400.0 84.0 sibility
8180.0 10120.0 292.0 72.0 could
8552.0 10124.0 176.0 68.0 not
8808.0 10124.0 120.0 72.0 be
9004.0 10124.0 312.0 72.0 borne
9396.0 10124.0 348.0 72.0 before
9824.0 10124.0 172.0 72.0 the

7708.0 10220.0 332.0 76.0 forum
8136.0 10224.0 108.0 72.0 of
8344.0 10228.0 484.0 72.0 mankind
8928.0 10232.0 192.0 72.0 and
9220.0 10232.0 96.0 72.0 in
9420.0 10232.0 396.0 84.0 history
9916.0 10228.0 80.0 76.0 if

7704.0 10328.0 276.0 72.0 after
8056.0 10336.0 640.0 84.0 twenty-one
8772.0 10340.0 408.0 72.0 months
9260.0 10340.0 108.0 72.0 of
9444.0 10340.0 168.0 72.0 the
9700.0 10340.0 296.0 72.0 war's

7700.0 10436.0 476.0 76.0 duration
8248.0 10444.0 172.0 72.0 the
8480.0 10444.0 588.0 76.0 submarine
9132.0 10444.0 472.0 88.0 question
9676.0 10444.0 320.0 76.0 under

7700.0 10548.0 580.0 72.0 discussion
8380.0 10548.0 460.0 76.0 between
8936.0 10556.0 176.0 72.0 the
9208.0 10556.0 436.0 72.0 German
9744.0 10572.0 200.0 68.0 gov-

7696.0 10668.0 432.0 64.0 ernment
8260.0 10664.0 184.0 68.0 and
8576.0 10664.0 160.0 76.0 the
8864.0 10672.0 624.0 76.0 government
9612.0 10668.0 104.0 72.0 of
9840.0 10664.0 160.0 80.0 the

7700.0 10760.0 368.0 76.0 United
8128.0 10764.0 344.0 76.0 States
8528.0 10784.0 268.0 56.0 were
8856.0 10776.0 104.0 68.0 to
9020.0 10768.0 244.0 76.0 take
9320.0 10788.0 56.0 56.0 a
9436.0 10772.0 236.0 72.0 turn
9736.0 10772.0 200.0 72.0 seri-

7696.0 10872.0 296.0 84.0 ously
8044.0 10872.0 668.0 88.0 threatening
8764.0 10876.0 712.0 76.0 maintenance
9532.0 10876.0 104.0 76.0 of
9692.0 10892.0 300.0 72.0 peace

7700.0 10980.0 456.0 72.0 between
8220.0 10980.0 172.0 72.0 the
8452.0 10984.0 696.0 72.0 two-nations.
9668.0 10980.0 16.0 24.0 '
9772.0 10988.0 8.0 8.0 '
9912.0 11000.0 4.0 12.0 '
9988.0 10976.0 8.0 36.0 1

7692.0 11120.0 288.0 84.0 Tells
8036.0 11124.0 112.0 80.0 of
8208.0 11120.0 244.0 84.0 New
8508.0 11120.0 364.0 84.0 Orders

7696.0 11256.0 324.0 84.0 Given
8076.0 11264.0 112.0 80.0 to
8248.0 11256.0 244.0 84.0 War
8548.0 11256.0 460.0 84.0 Vessels.

7820.0 11396.0 132.0 68.0 As
8020.0 11392.0 160.0 72.0 far
8244.0 11412.0 116.0 52.0 as
8424.0 11392.0 188.0 76.0 lies
8680.0 11392.0 248.0 76.0 with
8996.0 11396.0 172.0 72.0 the
9236.0 11392.0 436.0 80.0 German
9740.0 11412.0 200.0 72.0 gov-

7700.0 11504.0 488.0 76.0 ernment,
8284.0 11500.0 80.0 72.0 it
8460.0 11496.0 372.0 76.0 w."shes
8924.0 11504.0 104.0 72.0 to
9120.0 11512.0 420.0 76.0 prevent
9640.0 11508.0 352.0 84.0 things

7700.0 11608.0 260.0 72.0 from
8040.0 11608.0 376.0 84.0 taking
8484.0 11608.0 248.0 72.0 such
8808.0 11628.0 60.0 52.0 a
8940.0 11628.0 384.0 56.0 course.
9460.0 11612.0 208.0 72.0 The
9744.0 11612.0 196.0 72.0 Ger-

7696.0 11732.0 228.0 56.0 man
7988.0 11720.0 700.0 80.0 government,
8756.0 11736.0 548.0 64.0 moreover.
9348.0 11716.0 88.0 76.0 Is
9496.0 11716.0 496.0 88.0 prepared

7696.0 11828.0 104.0 68.0 to
7880.0 11824.0 124.0 72.0 do
8084.0 11824.0 132.0 72.0 its
8296.0 11828.0 388.0 68.0 utmost
8760.0 11828.0 104.0 68.0 to
8936.0 11828.0 392.0 72.0 confine
9404.0 11828.0 588.0 84.0 operations

7696.0 11932.0 104.0 72.0 of
7868.0 11932.0 172.0 72.0 the
8104.0 11948.0 216.0 52.0 war
8388.0 11932.0 164.0 72.0 for
8620.0 11932.0 168.0 72.0 the
8860.0 11936.0 212.0 68.0 rest
9136.0 11932.0 108.0 72.0 of
9308.0 11932.0 136.0 76.0 its
9508.0 11932.0 484.0 76.0 duration

7696.0 12044.0 100.0 68.0 to
7880.0 12040.0 172.0 72.0 the
8132.0 12040.0 444.0 84.0 fighting
8660.0 12036.0 332.0 76.0 forces
9068.0 12040.0 108.0 72.0 of
9256.0 12044.0 168.0 68.0 the
9504.0 12040.0 436.0 84.0 belliger-

7692.0 12148.0 252.0 80.0 ents,
8020.0 12148.0 428.0 84.0 thereby
8520.0 12148.0 220.0 72.0 also
8812.0 12148.0 476.0 84.0 insuring
9364.0 12148.0 448.0 72.0 freedom
9884.0 12148.0 108.0 72.0 of

7696.0 12256.0 160.0 72.0 the
7960.0 12276.0 252.0 64.0 seas,
8324.0 12276.0 56.0 52.0 a
8492.0 12260.0 456.0 84.0 principle
9060.0 12276.0 248.0 68.0 upon
9416.0 12260.0 304.0 76.0 which
9840.0 12260.0 160.0 76.0 the

7692.0 12360.0 436.0 72.0 German
8228.0 12368.0 672.0 80.0 government
9004.0 12364.0 448.0 72.0 believes
9552.0 12384.0 224.0 56.0 now
9872.0 12384.0 120.0 56.0 as

7696.0 12468.0 348.0 76.0 before
8116.0 12468.0 172.0 72.0 the
8352.0 12488.0 216.0 52.0 war
8632.0 12472.0 228.0 72.0 that
8924.0 12472.0 80.0 72.0 It
9072.0 12472.0 84.0 72.0 is
9228.0 12472.0 96.0 72.0 in
9392.0 12472.0 596.0 84.0 agreement

7696.0 12576.0 248.0 72.0 with
8056.0 12576.0 172.0 72.0 the
8340.0 12580.0 676.0 80.0 government
9124.0 12576.0 108.0 72.0 of
9340.0 12580.0 172.0 72.0 the
9620.0 12580.0 364.0 72.0 United

7692.0 12684.0 364.0 72.0 States.

7812.0 12792.0 204.0 72.0 The
8100.0 12792.0 436.0 72.0 German
8620.0 12796.0 696.0 80.0 government,
9404.0 12796.0 372.0 84.0 guided
9864.0 12796.0 124.0 84.0 by

7696.0 12900.0 204.0 72.0 this
8000.0 12900.0 244.0 80.0 idea,
8348.0 12900.0 404.0 72.0 notifies
8848.0 12900.0 172.0 72.0 the
9116.0 12908.0 672.0 80.0 government
9884.0 12900.0 104.0 76.0 of

7692.0 13008.0 172.0 72.0 the
7952.0 13008.0 368.0 72.0 United
8408.0 13008.0 340.0 72.0 States
8840.0 13008.0 224.0 72.0 that
9156.0 13012.0 432.0 72.0 German
9684.0 13012.0 300.0 72.0 naval

7696.0 13116.0 332.0 72.0 forces
8104.0 13116.0 256.0 72.0 have
8432.0 13116.0 460.0 72.0 received
8968.0 13116.0 168.0 72.0 the
9216.0 13116.0 536.0 88.0 following
9824.0 13136.0 112.0 56.0 or-

7688.0 13224.0 216.0 72.0 der:
7816.0 13332.0 164.0 72.0 "In
8040.0 13328.0 620.0 76.0 accordance
8700.0 13332.0 248.0 72.0 with
9012.0 13332.0 172.0 72.0 the
9224.0 13336.0 416.0 80.0 general
9708.0 13336.0 220.0 84.0 prin-

7688.0 13440.0 316.0 84.0 ciples
8084.0 13436.0 108.0 76.0 of
8268.0 13440.0 244.0 72.0 visit
8584.0 13440.0 196.0 72.0 and
8856.0 13440.0 360.0 72.0 search
9292.0 13444.0 192.0 68.0 and
9572.0 13440.0 168.0 76.0 the
9812.0 13444.0 120.0 68.0 de-

7688.0 13548.0 468.0 72.0 struction
8224.0 13548.0 104.0 72.0 of
8400.0 13548.0 496.0 76.0 merchant
8972.0 13548.0 388.0 88.0 vessels,
9436.0 13552.0 552.0 84.0 recognized

7692.0 13660.0 120.0 80.0 by
7892.0 13656.0 684.0 72.0 International
8668.0 13656.0 208.0 92.0 law,
8964.0 13660.0 232.0 72.0 such
9284.0 13660.0 388.0 84.0 vessels,
9764.0 13660.0 220.0 72.0 both

7692.0 13764.0 360.0 72.0 within
8140.0 13764.0 196.0 72.0 and
8428.0 13764.0 432.0 72.0 without
8944.0 13764.0 168.0 72.0 the
9196.0 13784.0 240.0 52.0 area
9516.0 13764.0 464.0 76.0 declared

7692.0 13888.0 56.0 56.0 a
7840.0 13872.0 300.0 68.0 naval
8236.0 13888.0 208.0 52.0 war
8532.0 13888.0 268.0 64.0 zone,
8888.0 13872.0 268.0 72.0 shall
9248.0 13876.0 176.0 68.0 not
9512.0 13872.0 116.0 72.0 be
9716.0 13876.0 264.0 68.0 sunk

7688.0 13980.0 440.0 72.0 without
8220.0 13976.0 476.0 84.0 warning
8788.0 13980.0 196.0 68.0 and
9084.0 13980.0 432.0 72.0 without
9612.0 13984.0 372.0 84.0 saving

7688.0 14088.0 376.0 72.0 human
8128.0 14088.0 256.0 68.0 lives
8448.0 14088.0 348.0 68.0 unless
8860.0 14088.0 168.0 68.0 the
9088.0 14088.0 228.0 84.0 ship
9376.0 14092.0 440.0 80.0 attempt
9884.0 14096.0 96.0 64.0 to

7692.0 14212.0 356.0 68.0 escape
8104.0 14212.0 112.0 52.0 or
8276.0 14192.0 252.0 72.0 offer
8588.0 14192.0 652.0 72.0 resistance."

7808.0 14304.0 196.0 72.0 But
8072.0 14300.0 460.0 72.0 neutrals
8596.0 14304.0 372.0 68.0 cannot
9032.0 14304.0 356.0 80.0 expect
9452.0 14304.0 224.0 72.0 that
9736.0 14304.0 196.0 72.0 Ger-

7688.0 14428.0 328.0 68.0 many,
8140.0 14408.0 340.0 72.0 forced
8592.0 14412.0 100.0 68.0 to
8804.0 14408.0 256.0 84.0 fight
9172.0 14408.0 156.0 72.0 for
9436.0 14416.0 540.0 76.0 existence,

7684.0 14520.0 268.0 72.0 shall
8024.0 14520.0 164.0 72.0 for
8260.0 14520.0 172.0 72.0 the
8504.0 14516.0 252.0 72.0 sake
8832.0 14516.0 104.0 72.0 of
9012.0 14516.0 400.0 72.0 neutral
9488.0 14516.0 492.0 76.0 interests

7684.0 14628.0 420.0 72.0 restrict
8172.0 14628.0 172.0 68.0 the
8412.0 14644.0 176.0 52.0 use
8656.0 14624.0 104.0 72.0 of
8828.0 14644.0 128.0 52.0 an
9024.0 14624.0 468.0 76.0 effective
9564.0 14644.0 412.0 68.0 weapon

7688.0 14740.0 80.0 68.0 if
7844.0 14736.0 172.0 72.0 the
8096.0 14752.0 356.0 64.0 enemy
8532.0 14736.0 84.0 68.0 Is
8700.0 14732.0 540.0 84.0 permitted
9324.0 14736.0 100.0 68.0 to
9504.0 14736.0 476.0 72.0 continue

7684.0 14852.0 104.0 68.0 to
7880.0 14844.0 304.0 84.0 apply
8272.0 14848.0 108.0 64.0 at
8472.0 14840.0 208.0 72.0 will
8780.0 14840.0 460.0 72.0 methods
9332.0 14840.0 108.0 72.0 of
9532.0 14844.0 444.0 72.0 warfare

7684.0 14956.0 512.0 80.0 violating
8308.0 14952.0 276.0 68.0 rules
8692.0 14948.0 108.0 72.0 of
8908.0 14948.0 736.0 76.0 international
9760.0 14952.0 220.0 72.0 law.

7684.0 15068.0 244.0 68.0 Such
8036.0 15084.0 52.0 52.0 a
8184.0 15060.0 408.0 72.0 demand
8700.0 15060.0 300.0 72.0 would
9104.0 15060.0 108.0 72.0 be
9312.0 15060.0 672.0 84.0 Incompatible

7688.0 15172.0 248.0 72.0 with
8028.0 15168.0 172.0 72.0 the
8288.0 15168.0 536.0 72.0 character
8908.0 15164.0 104.0 72.0 of
9100.0 15168.0 352.0 68.0 neutra
9480.0 15168.0 56.0 68.0 li
9568.0 15168.0 124.0 80.0 ty,
9780.0 15164.0 196.0 72.0 and

7688.0 15280.0 168.0 72.0 the
7952.0 15280.0 436.0 68.0 German
8484.0 15276.0 672.0 84.0 government
9248.0 15272.0 88.0 72.0 is
9428.0 15272.0 548.0 72.0 convinced

7684.0 15388.0 228.0 72.0 that
8028.0 15388.0 172.0 68.0 the
8320.0 15384.0 668.0 84.0 government
9108.0 15380.0 104.0 72.0 of
9328.0 15380.0 168.0 72.0 the
9612.0 15380.0 364.0 72.0 United

7688.0 15496.0 336.0 72.0 States
8080.0 15492.0 240.0 72.0 does
8380.0 15492.0 176.0 72.0 not
8612.0 15488.0 300.0 72.0 think
8972.0 15488.0 108.0 72.0 of
9136.0 15488.0 424.0 84.0 making
9616.0 15492.0 244.0 72.0 such
9920.0 15504.0 60.0 56.0 a

7684.0 15604.0 452.0 76.0 demand,
8212.0 15600.0 492.0 80.0 knowing
8772.0 15596.0 224.0 72.0 that
9068.0 15596.0 168.0 72.0 the
9308.0 15600.0 672.0 80.0 government

7684.0 15712.0 108.0 72.0 of
7900.0 15712.0 172.0 68.0 the
8180.0 15704.0 364.0 76.0 United
8656.0 15704.0 336.0 72.0 States
9108.0 15704.0 592.0 84.0 repeatedly
9804.0 15700.0 120.0 76.0 de-

7688.0 15820.0 312.0 72.0 clared
8096.0 15816.0 212.0 76.0 that
8396.0 15816.0 68.0 72.0 it
8560.0 15816.0 72.0 76.0 is
8720.0 15812.0 632.0 76.0 detetrmined
9440.0 15820.0 96.0 68.0 to
9624.0 15820.0 360.0 64.0 restore

7688.0 15928.0 172.0 72.0 the
7948.0 15924.0 492.0 88.0 principle
8528.0 15920.0 108.0 72.0 of
8724.0 15920.0 448.0 72.0 freedom
9264.0 15916.0 108.0 76.0 of
9460.0 15920.0 168.0 72.0 the
9712.0 15936.0 264.0 64.0 seas,

7688.0 16036.0 256.0 72.0 from
8008.0 16032.0 528.0 72.0 whatever
8592.0 16032.0 420.0 80.0 quarter
9072.0 16032.0 76.0 68.0 It
9208.0 16028.0 184.0 72.0 has
9448.0 16028.0 248.0 72.0 been
9764.0 16028.0 160.0 72.0 vio-

7684.0 16140.0 300.0 76.0 lated.
7680.0 16288.0 372.0 84.0 Wants
8136.0 16276.0 456.0 88.0 Demand
8672.0 16296.0 96.0 60.0 oi
8888.0 16272.0 396.0 84.0 Britain

7680.0 16428.0 144.0 84.0 To
7908.0 16424.0 288.0 100.0 Obey
8288.0 16412.0 752.0 88.0 International
9136.0 16408.0 324.0 88.0 Laws.

7804.0 16552.0 680.0 88.0 Accordingly
8556.0 16552.0 168.0 68.0 the
8792.0 16548.0 436.0 80.0 German
9304.0 16556.0 676.0 76.0 government

7684.0 16672.0 84.0 72.0 Is
7832.0 16668.0 504.0 72.0 confident
8408.0 16660.0 224.0 72.0 that
8704.0 16656.0 96.0 72.0 In
8872.0 16672.0 692.0 68.0 cor-.gequence
9636.0 16660.0 104.0 72.0 of
9808.0 16664.0 172.0 68.0 the

7684.0 16796.0 220.0 56.0 new
7984.0 16772.0 348.0 76.0 orders
8408.0 16764.0 340.0 76.0 issued
8828.0 16768.0 104.0 68.0 to
9012.0 16764.0 172.0 72.0 t;ie
9264.0 16764.0 300.0 76.0 naval
9648.0 16768.0 328.0 72.0 forces

7688.0 16888.0 168.0 72.0 the
7952.0 16876.0 672.0 92.0 government
8716.0 16872.0 108.0 72.0 of
8916.0 16872.0 168.0 72.0 the
9176.0 16868.0 368.0 76.0 United
9636.0 16876.0 340.0 72.0 States

7680.0 16992.0 212.0 72.0 will
7952.0 16992.0 220.0 68.0 also
8240.0 17000.0 224.0 56.0 now
8528.0 16980.0 468.0 72.0 consider
9056.0 16976.0 136.0 72.0 all
9264.0 16976.0 712.0 88.0 Impediments

7684.0 17096.0 472.0 80.0 removed
8236.0 17088.0 328.0 76.0 which
8648.0 17104.0 232.0 64.0 may
8960.0 17084.0 256.0 72.0 have
9296.0 17084.0 244.0 76.0 been
9624.0 17088.0 96.0 72.0 In
9808.0 17092.0 168.0 72.0 the

7680.0 17228.0 228.0 68.0 way
8024.0 17204.0 104.0 72.0 of
8244.0 17196.0 388.0 76.0 mutual
8752.0 17192.0 708.0 84.0 co-operation
9580.0 17196.0 392.0 72.0 toward

7684.0 17312.0 620.0 80.0 restoration
8380.0 17304.0 104.0 72.0 of
8564.0 17304.0 168.0 68.0 the
8808.0 17300.0 444.0 72.0 freedom
9328.0 17300.0 104.0 72.0 of
9508.0 17304.0 164.0 72.0 the
9744.0 17324.0 232.0 52.0 seas

7680.0 17424.0 380.0 80.0 during
8152.0 17420.0 172.0 68.0 the
8416.0 17428.0 240.0 60.0 war.
8748.0 17428.0 116.0 52.0 as
8956.0 17412.0 556.0 80.0 suggested
9612.0 17412.0 96.0 72.0 in
9808.0 17412.0 168.0 72.0 the

7680.0 17536.0 236.0 72.0 note
7996.0 17528.0 104.0 72.0 of
8176.0 17524.0 240.0 80.0 July
8496.0 17520.0 132.0 76.0 23.
8716.0 17516.0 248.0 76.0 1915,
9044.0 17516.0 196.0 72.0 and
9328.0 17516.0 76.0 72.0 it
9480.0 17520.0 240.0 72.0 does
9800.0 17524.0 176.0 68.0 not

7680.0 17640.0 312.0 76.0 doubt
8056.0 17636.0 224.0 72.0 that
8340.0 17628.0 168.0 72.0 the
8568.0 17624.0 668.0 84.0 government
9292.0 17624.0 108.0 72.0 of
9456.0 17624.0 172.0 72.0 the
9688.0 17624.0 236.0 76.0 Unit-

7684.0 17752.0 108.0 72.0 ed
7880.0 17748.0 336.0 68.0 States
8296.0 17732.0 208.0 76.0 will
8588.0 17748.0 220.0 56.0 now
8888.0 17728.0 428.0 72.0 demand
9396.0 17732.0 192.0 72.0 and
9672.0 17732.0 304.0 72.0 Insist

7680.0 17856.0 228.0 72.0 that
8048.0 17848.0 168.0 72.0 the
8360.0 17840.0 384.0 72.0 British
8892.0 17844.0 672.0 76.0 government
9704.0 17840.0 268.0 72.0 shall

7684.0 17956.0 536.0 80.0 forthwith
8288.0 17948.0 428.0 76.0 observe
8776.0 17948.0 172.0 68.0 the
9012.0 17944.0 272.0 72.0 rules
9348.0 17944.0 108.0 72.0 of
9516.0 17948.0 404.0 72.0 Interna-

7680.0 18068.0 316.0 76.0 tional
8096.0 18064.0 192.0 72.0 law
8384.0 18052.0 632.0 84.0 universally
9112.0 18052.0 596.0 84.0 recognized
9804.0 18056.0 116.0 76.0 be-

7680.0 18180.0 220.0 72.0 fore
7964.0 18176.0 172.0 68.0 the
8196.0 18184.0 236.0 60.0 war.
8496.0 18180.0 112.0 52.0 as
8672.0 18160.0 200.0 72.0 laid
8936.0 18160.0 292.0 72.0 down
9292.0 18160.0 92.0 68.0 In
9456.0 18160.0 168.0 72.0 the
9684.0 18168.0 288.0 68.0 notes

7680.0 18280.0 536.0 92.0 presented
8320.0 18276.0 128.0 80.0 by
8552.0 18268.0 168.0 76.0 the
8828.0 18272.0 668.0 80.0 government
9596.0 18268.0 108.0 72.0 of
9804.0 18272.0 168.0 72.0 the

7676.0 18388.0 368.0 80.0 United
8144.0 18384.0 340.0 72.0 States
8580.0 18384.0 104.0 64.0 to
8780.0 18376.0 172.0 72.0 the
9048.0 18376.0 384.0 68.0 British
9536.0 18396.0 380.0 64.0 govern-

7680.0 18504.0 272.0 72.0 ment
8048.0 18488.0 548.0 76.0 December
8688.0 18480.0 132.0 84.0 28,
8920.0 18480.0 244.0 80.0 1914,
9256.0 18484.0 196.0 68.0 and
9540.0 18484.0 376.0 76.0 Novem-

7680.0 18612.0 176.0 68.0 ber
7932.0 18604.0 72.0 76.0 5.
8084.0 18596.0 248.0 76.0 1915.

7800.0 18708.0 368.0 80.0 Should
8268.0 18708.0 276.0 76.0 steps
8640.0 18696.0 312.0 72.0 taken
9052.0 18696.0 124.0 84.0 by
9272.0 18696.0 172.0 72.0 the
9536.0 18716.0 380.0 68.0 govern-

7680.0 18824.0 272.0 72.0 ment
8044.0 18816.0 104.0 72.0 of
8240.0 18812.0 168.0 72.0 the
8496.0 18804.0 364.0 76.0 United
8948.0 18804.0 340.0 72.0 States
9380.0 18812.0 172.0 64.0 not
9640.0 18808.0 332.0 72.0 attain

7680.0 18936.0 172.0 68.0 the
7924.0 18924.0 336.0 80.0 object
8332.0 18920.0 76.0 68.0 it
8480.0 18912.0 412.0 76.0 desires,
8972.0 18916.0 100.0 68.0 to
9144.0 18912.0 256.0 72.0 have
9480.0 18912.0 168.0 72.0 the
9724.0 18912.0 252.0 72.0 laws

7680.0 19036.0 104.0 76.0 of
7868.0 19028.0 536.0 76.0 humanity
8488.0 19020.0 524.0 72.0 followed,
9056.0 19020.0 128.0 80.0 by
9264.0 19020.0 136.0 68.0 all
9488.0 19020.0 432.0 84.0 belliger-

7680.0 19144.0 172.0 76.0 ent
7952.0 19136.0 436.0 72.0 nations,
8496.0 19128.0 168.0 72.0 the
8764.0 19124.0 436.0 72.0 German
9248.0 19204.0 12.0 16.0 ,
9304.0 19132.0 668.0 76.0 government

7684.0 19248.0 300.0 72.0 would
8084.0 19244.0 224.0 72.0 then
8404.0 19240.0 112.0 68.0 be
8612.0 19236.0 324.0 84.0 facing
9032.0 19252.0 56.0 52.0 a
9184.0 19256.0 200.0 56.0 new
9480.0 19236.0 492.0 84.0 situation.

7680.0 19360.0 100.0 72.0 In
7844.0 19352.0 328.0 72.0 which
8244.0 19348.0 76.0 68.0 it
8380.0 19344.0 276.0 72.0 must
8716.0 19360.0 408.0 52.0 reserve
9188.0 19348.0 100.0 64.0 to
9356.0 19340.0 284.0 76.0 itself
9700.0 19360.0 212.0 56.0 com-

7680.0 19468.0 264.0 84.0 plete
8020.0 19456.0 376.0 80.0 liberty
8472.0 19448.0 104.0 72.0 of
8652.0 19448.0 476.0 72.0 decision.

7796.0 19568.0 204.0 72.0 The
8108.0 19556.0 688.0 84.0 undersigned
8904.0 19556.0 332.0 72.0 avails
9348.0 19556.0 416.0 76.0 himself
9868.0 19556.0 108.0 72.0 of

7680.0 19676.0 204.0 72.0 this
7948.0 19668.0 664.0 84.0 opportunity
8676.0 19668.0 100.0 68.0 to
8840.0 19680.0 328.0 52.0 renew
9232.0 19668.0 100.0 68.0 to
9392.0 19664.0 168.0 72.0 the
9628.0 19668.0 292.0 68.0 Amer-

7680.0 19784.0 220.0 68.0 ican
7972.0 19772.0 664.0 76.0 ambassador
8700.0 19788.0 612.0 56.0 assurances
9384.0 19772.0 104.0 72.0 of
9560.0 19772.0 412.0 84.0 highest

7676.0 19880.0 784.0 80.0 consideration.
8812.0 19888.0 8.0 24.0 '
9380.0 19876.0 468.0 76.0 JAGOVV.

7992.0 20228.0 672.0 104.0 Bullfighters
8732.0 20228.0 360.0 84.0 Afraid
9168.0 20232.0 108.0 84.0 of
9344.0 20232.0 328.0 92.0 Cows.

7804.0 20368.0 272.0 84.0 Most
8160.0 20364.0 448.0 100.0 Spanish
8700.0 20364.0 660.0 100.0 bullfighters
9440.0 20372.0 352.0 100.0 object
9872.0 20384.0 104.0 80.0 to

7672.0 20504.0 440.0 100.0 fighting
8200.0 20524.0 304.0 64.0 cows.
8656.0 20504.0 216.0 84.0 The
8956.0 20528.0 456.0 80.0 average
9492.0 20520.0 488.0 88.0 toreador

7672.0 20644.0 88.0 80.0 is
7836.0 20640.0 524.0 100.0 sincerely
8432.0 20640.0 340.0 84.0 afraid
8848.0 20644.0 108.0 80.0 of
9024.0 20664.0 60.0 64.0 a
9160.0 20668.0 244.0 64.0 cow.
9544.0 20652.0 224.0 88.0 And
9848.0 20660.0 128.0 88.0 he

7668.0 20780.0 192.0 84.0 has
7920.0 20776.0 256.0 104.0 good
8240.0 20800.0 412.0 64.0 reason.
8712.0 20780.0 216.0 84.0 The
8992.0 20804.0 272.0 64.0 cows
9324.0 20788.0 108.0 84.0 of
9492.0 20792.0 176.0 88.0 the
9728.0 20796.0 220.0 88.0 half-

7676.0 20916.0 236.0 84.0 wild
8020.0 20916.0 308.0 84.0 breed
8432.0 20916.0 256.0 84.0 used
8820.0 20916.0 160.0 84.0 for
9112.0 20920.0 176.0 88.0 the
9384.0 20948.0 320.0 68.0 arena
9800.0 20960.0 180.0 60.0 are

7672.0 21056.0 304.0 84.0 much
8032.0 21056.0 432.0 96.0 quicker
8524.0 21056.0 96.0 80.0 in
8680.0 21056.0 272.0 84.0 their
9008.0 21076.0 656.0 76.0 movements
9724.0 21072.0 248.0 88.0 than

7668.0 21216.0 180.0 64.0 are
7928.0 21192.0 176.0 84.0 the
8188.0 21192.0 300.0 84.0 bulls.
8636.0 21192.0 316.0 84.0 Their
9032.0 21196.0 316.0 88.0 horns
9428.0 21224.0 184.0 64.0 are
9688.0 21232.0 288.0 68.0 more

7676.0 21328.0 424.0 104.0 pointed
8196.0 21328.0 200.0 84.0 and
8496.0 21352.0 284.0 64.0 more
8880.0 21332.0 648.0 96.0 formidable.
9688.0 21348.0 288.0 104.0 Thy

7668.0 21468.0 128.0 84.0 do
7852.0 21472.0 180.0 80.0 not
8084.0 21468.0 316.0 84.0 lower
8456.0 21472.0 276.0 80.0 their
8780.0 21468.0 324.0 88.0 heads
9160.0 21480.0 104.0 80.0 to
9320.0 21480.0 172.0 84.0 the
9544.0 21488.0 428.0 96.0 grourd,

7676.0 21608.0 244.0 84.0 shut
7980.0 21608.0 276.0 84.0 their
8316.0 21628.0 248.0 76.0 eyes
8624.0 21608.0 200.0 80.0 and
8892.0 21612.0 384.0 100.0 charge
9340.0 21612.0 204.0 92.0 like
9604.0 21644.0 48.0 60.0 a
9724.0 21620.0 220.0 92.0 loco-

7676.0 21748.0 388.0 80.0 motive
8156.0 21764.0 268.0 80.0 upon
8520.0 21744.0 180.0 84.0 the
8792.0 21748.0 280.0 88.0 rails,
9172.0 21748.0 176.0 88.0 but
9436.0 21780.0 180.0 64.0 are
9708.0 21764.0 264.0 84.0 a'ert

7672.0 21880.0 200.0 84.0 and
7960.0 21880.0 320.0 100.0 ready
8364.0 21888.0 104.0 76.0 to
8552.0 21880.0 344.0 84.0 follow
8984.0 21908.0 312.0 80.0 every
9384.0 21908.0 580.0 80.0 mcvomen'

7672.0 22024.0 108.0 80.0 of
7864.0 22020.0 272.0 84.0 their
8220.0 22024.0 748.0 96.0 persecutors.-
9024.0 22028.0 600.0 96.0 -Ryliano

10168.0 868.0 844.0 192.0 PLOWING
11108.0 872.0 848.0 192.0 STUBBLE
12052.0 876.0 404.0 192.0 SOIL

10180.0 1416.0 584.0 136.0 Moisture
10880.0 1424.0 108.0 132.0 Is
11100.0 1416.0 744.0 136.0 Considered
11956.0 1456.0 76.0 100.0 a
12144.0 1420.0 324.0 136.0 Most

10700.0 1636.0 672.0 132.0 Important
11444.0 1640.0 484.0 128.0 Factor.

10172.0 2128.0 568.0 88.0 Deduction
10832.0 2136.0 108.0 80.0 of
11032.0 2136.0 728.0 108.0 Experiments
11848.0 2140.0 604.0 84.0 Conducted

10276.0 2288.0 108.0 76.0 at
10440.0 2284.0 348.0 84.0 Akron
10864.0 2284.0 376.0 108.0 (Colo.)
11324.0 2292.0 276.0 80.0 Field
11668.0 2292.0 404.0 80.0 Station
12140.0 2288.0 140.0 84.0 Ar

10536.0 2436.0 360.0 84.0 Useful
10972.0 2440.0 680.0 104.0 Throughout
11732.0 2440.0 352.0 84.0 Entiro

10764.0 2588.0 312.0 88.0 Great
11148.0 2592.0 348.0 88.0 Plains
11560.0 2596.0 296.0 80.0 Area.

10292.0 2848.0 216.0 88.0 The
10600.0 2868.0 452.0 88.0 average
11140.0 2864.0 336.0 96.0 yields
11564.0 2864.0 108.0 80.0 of
11760.0 2864.0 356.0 96.0 spri&g
12208.0 2856.0 236.0 88.0 Held

10168.0 3004.0 328.0 84.0 crops,
10560.0 2992.0 252.0 84.0 such
10876.0 3016.0 116.0 64.0 as
11052.0 2996.0 372.0 104.0 wheat,
11480.0 3004.0 232.0 80.0 oats
11772.0 3000.0 200.0 84.0 and
12036.0 3020.0 244.0 64.0 com
12348.0 3000.0 100.0 80.0 In

10164.0 3120.0 180.0 88.0 the
10400.0 3136.0 296.0 88.0 great
10760.0 3128.0 340.0 100.0 plains
11156.0 3156.0 280.0 76.0 area,
11500.0 3136.0 264.0 84.0 from
11828.0 3136.0 360.0 100.0 spring
12244.0 3132.0 204.0 84.0 and

10164.0 3256.0 268.0 88.0 from
10500.0 3264.0 184.0 84.0 fall
10752.0 3268.0 480.0 100.0 plowing,
11276.0 3272.0 288.0 80.0 show
11628.0 3272.0 228.0 84.0 that
11920.0 3272.0 176.0 84.0 the
12164.0 3268.0 280.0 88.0 blind

10160.0 3392.0 540.0 108.0 following
10748.0 3404.0 108.0 84.0 of
10900.0 3424.0 60.0 64.0 a
11008.0 3408.0 224.0 80.0 rule
11280.0 3408.0 656.0 96.0 prescribing
11984.0 3428.0 196.0 76.0 any
12236.0 3424.0 184.0 80.0 par-

10160.0 3532.0 380.0 84.0 ticular
10604.0 3536.0 252.0 88.0 time
10920.0 3544.0 112.0 80.0 of
11092.0 3540.0 452.0 100.0 plowing
11612.0 3544.0 332.0 96.0 might
12008.0 3560.0 316.0 68.0 cause
12392.0 3564.0 56.0 60.0 a

10160.0 3668.0 544.0 88.0 reduction
10796.0 3696.0 116.0 64.0 as
11004.0 3680.0 292.0 84.0 often
11380.0 3700.0 120.0 60.0 as
11588.0 3684.0 80.0 80.0 it
11752.0 3676.0 252.0 84.0 does
12092.0 3700.0 128.0 60.0 an
12316.0 3680.0 100.0 80.0 in-

10164.0 3824.0 364.0 68.0 crease
10588.0 3808.0 100.0 84.0 in
10756.0 3812.0 176.0 88.0 the
10996.0 3816.0 364.0 100.0 yields.
11488.0 3816.0 220.0 80.0 The
11768.0 3816.0 300.0 96.0 great
12124.0 3816.0 296.0 80.0 varia-

10164.0 3944.0 216.0 84.0 tion
10432.0 3948.0 104.0 80.0 in
10592.0 3948.0 176.0 84.0 the
10820.0 3952.0 252.0 84.0 time
11128.0 3952.0 200.0 84.0 and
11384.0 3952.0 432.0 84.0 amount
11864.0 3948.0 112.0 84.0 of
12024.0 3952.0 396.0 96.0 precipi-

10164.0 4080.0 332.0 88.0 tation
10604.0 4084.0 100.0 84.0 In
10816.0 4084.0 212.0 88.0 this
11136.0 4088.0 360.0 100.0 region
11608.0 4092.0 280.0 80.0 must
12000.0 4084.0 120.0 84.0 be
12224.0 4104.0 192.0 64.0 con-

10160.0 4220.0 400.0 100.0 stantly
10616.0 4224.0 248.0 96.0 kept
10920.0 4224.0 104.0 84.0 in
11080.0 4224.0 284.0 84.0 mind
11428.0 4224.0 292.0 84.0 when
11780.0 4220.0 672.0 100.0 considering

10160.0 4356.0 176.0 84.0 the
10412.0 4356.0 256.0 88.0 time
10740.0 4360.0 112.0 84.0 of
10920.0 4360.0 480.0 104.0 plowing.
11540.0 4360.0 160.0 88.0 No
11776.0 4356.0 676.0 104.0 dependence

10160.0 4512.0 188.0 64.0 can
10412.0 4492.0 124.0 88.0 be
10592.0 4496.0 360.0 100.0 placed
11012.0 4520.0 132.0 64.0 on
11200.0 4520.0 60.0 64.0 a
11312.0 4500.0 340.0 96.0 heavy
11708.0 4496.0 740.0 104.0 precipitation

10160.0 4628.0 100.0 84.0 in
10344.0 4632.0 408.0 100.0 August
10828.0 4636.0 200.0 84.0 and
11116.0 4632.0 648.0 104.0 September,
11844.0 4636.0 176.0 96.0 yet
12100.0 4632.0 80.0 84.0 it
12264.0 4632.0 152.0 84.0 fre-

10160.0 4768.0 428.0 100.0 quently
10668.0 4792.0 400.0 64.0 occurs.
11244.0 4776.0 140.0 80.0 As
11464.0 4772.0 512.0 84.0 moisture
12056.0 4768.0 88.0 84.0 is
12224.0 4788.0 192.0 64.0 con-

10160.0 4904.0 412.0 88.0 sidered
10656.0 4908.0 180.0 88.0 the
10916.0 4912.0 276.0 84.0 most
11268.0 4912.0 576.0 100.0 important
11920.0 4904.0 344.0 88.0 factor
12344.0 4908.0 100.0 80.0 In

10164.0 5060.0 240.0 84.0 crop
10504.0 5044.0 616.0 100.0 production
11224.0 5048.0 100.0 84.0 in
11428.0 5048.0 180.0 84.0 the
11708.0 5048.0 296.0 96.0 great
12108.0 5040.0 336.0 104.0 plain?

10156.0 5200.0 272.0 76.0 area,
10516.0 5180.0 136.0 88.0 its
10732.0 5184.0 740.0 84.0 conservation
11556.0 5184.0 92.0 84.0 la
11724.0 5180.0 188.0 88.0 the
11988.0 5176.0 456.0 104.0 primary

10160.0 5312.0 348.0 100.0 object
10568.0 5320.0 104.0 80.0 in
10736.0 5320.0 648.0 88.0 cultivation.

10284.0 5468.0 464.0 100.0 Stubble,
10832.0 5472.0 348.0 84.0 weeds
11260.0 5472.0 204.0 84.0 and
11552.0 5492.0 400.0 64.0 uneven
12044.0 5464.0 400.0 104.0 ground

10152.0 5624.0 180.0 68.0 are
10404.0 5628.0 476.0 64.0 common
10948.0 5632.0 364.0 60.0 means
11384.0 5608.0 112.0 84.0 of
11560.0 5608.0 528.0 100.0 retaining
12156.0 5624.0 288.0 64.0 snow

10152.0 5740.0 204.0 84.0 and
10420.0 5740.0 428.0 104.0 holding
10908.0 5768.0 60.0 64.0 a
11028.0 5744.0 288.0 104.0 large
11376.0 5752.0 232.0 96.0 part
11668.0 5744.0 108.0 84.0 of
11832.0 5744.0 180.0 84.0 the
12072.0 5740.0 372.0 84.0 winter

10164.0 5880.0 768.0 100.0 precipitation.
11144.0 5884.0 108.0 84.0 In
11372.0 5880.0 488.0 100.0 deciding
11968.0 5876.0 300.0 88.0 when
12384.0 5896.0 64.0 64.0 a

10156.0 6016.0 236.0 84.0 field
10456.0 6016.0 368.0 88.0 should
10884.0 6016.0 124.0 88.0 be
11068.0 6020.0 436.0 100.0 plowed,
11556.0 6016.0 184.0 88.0 the
11796.0 6016.0 480.0 100.0 question
12336.0 6012.0 112.0 84.0 of

10152.0 6152.0 476.0 84.0 whether
10684.0 6176.0 60.0 64.0 a
10800.0 6160.0 420.0 96.0 greater
11276.0 6160.0 436.0 80.0 amount
11768.0 6156.0 108.0 84.0 of
11936.0 6152.0 508.0 84.0 moisture

10156.0 6284.0 204.0 88.0 will
10464.0 6288.0 124.0 88.0 be
10680.0 6292.0 728.0 84.0 accumulated
11512.0 6288.0 128.0 104.0 by
11736.0 6288.0 432.0 100.0 holding
12264.0 6284.0 180.0 88.0 the

10152.0 6444.0 288.0 64.0 snow
10504.0 6424.0 232.0 88.0 that
10788.0 6428.0 248.0 84.0 falls
11092.0 6428.0 252.0 84.0 than
11408.0 6424.0 208.0 88.0 will
11676.0 6424.0 124.0 88.0 be
11856.0 6420.0 584.0 104.0 dissipated

10152.0 6560.0 132.0 100.0 by
10348.0 6560.0 176.0 88.0 the
10588.0 6568.0 404.0 96.0 growth
11056.0 6564.0 108.0 84.0 of
11228.0 6564.0 348.0 84.0 weeds
11636.0 6564.0 92.0 84.0 is
11788.0 6564.0 652.0 100.0 paramount.

10152.0 6696.0 88.0 88.0 It
10304.0 6704.0 284.0 84.0 must
10648.0 6696.0 128.0 88.0 be
10836.0 6700.0 436.0 88.0 decided
11340.0 6700.0 124.0 100.0 by
11528.0 6700.0 180.0 88.0 the
11768.0 6720.0 240.0 64.0 man
12072.0 6720.0 128.0 64.0 on
12264.0 6696.0 180.0 84.0 the

10152.0 6836.0 428.0 100.0 ground.
10744.0 6840.0 112.0 84.0 In
10956.0 6840.0 596.0 100.0 answering
11648.0 6836.0 212.0 88.0 this
11956.0 6836.0 480.0 100.0 question

10152.0 6972.0 412.0 88.0 several
10668.0 6976.0 400.0 88.0 factors
11176.0 6980.0 280.0 84.0 must
11564.0 6976.0 120.0 84.0 be
11788.0 6968.0 648.0 104.0 considered,

10152.0 7112.0 448.0 100.0 namely,
10696.0 7112.0 180.0 88.0 the
10972.0 7120.0 432.0 80.0 amoutot
11504.0 7112.0 108.0 88.0 of
11708.0 7112.0 504.0 84.0 moisture
12312.0 7104.0 96.0 88.0 el-

10152.0 7248.0 320.0 100.0 ready
10568.0 7252.0 104.0 84.0 in
10772.0 7252.0 180.0 84.0 the
11052.0 7252.0 192.0 84.0 soil
11344.0 7248.0 232.0 88.0 that
11672.0 7272.0 236.0 76.0 may
12012.0 7244.0 120.0 88.0 be
12236.0 7244.0 204.0 88.0 lost

10152.0 7384.0 452.0 104.0 through
10720.0 7388.0 284.0 84.0 weed
11116.0 7388.0 436.0 100.0 growth,
11660.0 7384.0 180.0 88.0 the
11948.0 7380.0 496.0 104.0 probable

10156.0 7524.0 252.0 84.0 time
10488.0 7520.0 360.0 88.0 before
10924.0 7524.0 180.0 88.0 the
11188.0 7524.0 348.0 84.0 weeds
11624.0 7520.0 204.0 84.0 will
11912.0 7520.0 124.0 88.0 be
12120.0 7516.0 308.0 88.0 killed

10156.0 7652.0 124.0 108.0 by
10368.0 7660.0 300.0 104.0 frost,
10752.0 7660.0 180.0 88.0 the
11020.0 7660.0 696.0 104.0 possibilities
11800.0 7656.0 112.0 88.0 of
11996.0 7656.0 412.0 84.0 increas-

10156.0 7796.0 172.0 100.0 ing
10412.0 7796.0 176.0 88.0 the
10680.0 7804.0 324.0 80.0 water
11088.0 7800.0 104.0 84.0 In
11280.0 7804.0 424.0 92.0 storage
11784.0 7796.0 104.0 84.0 in
11976.0 7792.0 180.0 88.0 the
12244.0 7792.0 192.0 84.0 soil

10156.0 7932.0 124.0 100.0 by
10356.0 7932.0 432.0 104.0 holding
10864.0 7936.0 180.0 88.0 the
11124.0 7956.0 288.0 64.0 snow
11488.0 7936.0 236.0 84.0 that
11796.0 7952.0 240.0 80.0 may
12116.0 7948.0 324.0 76.0 come,

10152.0 8068.0 180.0 88.0 the
10388.0 8068.0 400.0 104.0 danger
10844.0 8072.0 112.0 88.0 of
11012.0 8072.0 156.0 88.0 sol
11272.0 8068.0 452.0 104.0 blowing
11784.0 8068.0 84.0 84.0 if
11924.0 8068.0 180.0 88.0 the
12168.0 8064.0 276.0 88.0 stub,

10152.0 8204.0 164.0 88.0 ble
10396.0 8208.0 200.0 84.0 and
10684.0 8208.0 344.0 88.0 weeds
11108.0 8232.0 184.0 64.0 are
11372.0 8204.0 524.0 100.0 removed,
11976.0 8200.0 200.0 88.0 and
12264.0 8200.0 176.0 88.0 the

10148.0 8340.0 676.0 92.0 distribution
10880.0 8348.0 112.0 84.0 of
11040.0 8348.0 272.0 84.0 farm
11364.0 8344.0 320.0 88.0 labor.
11800.0 8340.0 224.0 88.0 The
12076.0 8340.0 336.0 100.0 impor-

10148.0 8484.0 312.0 84.0 tance
10552.0 8484.0 108.0 84.0 of
10748.0 8480.0 304.0 88.0 these
11140.0 8484.0 400.0 84.0 factors
11632.0 8480.0 92.0 84.0 is
11816.0 8472.0 620.0 92.0 considered

10152.0 8616.0 100.0 84.0 In
10324.0 8616.0 692.0 104.0 Department
11088.0 8620.0 456.0 84.0 Bulletin
11616.0 8616.0 184.0 88.0 No.
11876.0 8612.0 208.0 100.0 253,
12160.0 8612.0 280.0 84.0 "The

10152.0 8752.0 340.0 88.0 Effect
10564.0 8756.0 112.0 84.0 of
10756.0 8756.0 516.0 88.0 Different
11348.0 8756.0 356.0 84.0 Times
11784.0 8752.0 112.0 84.0 of
11976.0 8748.0 468.0 100.0 Plowing

10152.0 8888.0 324.0 88.0 Small
10548.0 8888.0 316.0 88.0 Grain
10944.0 8888.0 440.0 92.0 Stubble
11452.0 8892.0 100.0 80.0 in
11632.0 8892.0 452.0 84.0 Eastern
12160.0 8884.0 248.0 88.0 Colo

10148.0 9024.0 344.0 92.0 rado."
10652.0 9028.0 224.0 88.0 The
10936.0 9028.0 344.0 100.0 major
11340.0 9028.0 416.0 100.0 portion
11820.0 9024.0 108.0 84.0 of
11992.0 9024.0 180.0 84.0 the
12236.0 9020.0 172.0 84.0 bul-

10152.0 9164.0 256.0 88.0 letin
10484.0 9164.0 88.0 84.0 Is
10652.0 9168.0 304.0 96.0 given
11036.0 9168.0 108.0 84.0 to
11220.0 9188.0 64.0 64.0 a
11356.0 9160.0 644.0 104.0 description
12076.0 9156.0 112.0 84.0 of
12260.0 9156.0 180.0 84.0 the

10148.0 9300.0 252.0 88.0 time
10464.0 9300.0 112.0 88.0 of
10640.0 9300.0 452.0 104.0 plowing
11160.0 9304.0 164.0 80.0 for
11388.0 9300.0 360.0 100.0 spring
11812.0 9296.0 376.0 96.0 wheat,
12260.0 9292.0 180.0 84.0 but

10148.0 9440.0 88.0 84.0 is
10292.0 9460.0 116.0 64.0 as
10464.0 9436.0 588.0 104.0 applicable
11108.0 9440.0 108.0 84.0 to
11268.0 9440.0 232.0 80.0 oats
11556.0 9432.0 204.0 88.0 and
11816.0 9452.0 280.0 68.0 corn.
12216.0 9428.0 220.0 84.0 The

10144.0 9576.0 716.0 100.0 experiments
10924.0 9596.0 272.0 64.0 were
11256.0 9568.0 596.0 108.0 performed
11912.0 9572.0 112.0 80.0 at
12084.0 9568.0 356.0 80.0 Akron

10152.0 9708.0 376.0 104.0 (Colo.)
10592.0 9712.0 236.0 84.0 field
10880.0 9708.0 424.0 100.0 station,
11364.0 9704.0 180.0 92.0 but
11588.0 9704.0 180.0 88.0 the
11816.0 9700.0 624.0 88.0 deductions

10144.0 9872.0 180.0 60.0 are
10388.0 9848.0 424.0 104.0 general
10876.0 9848.0 200.0 84.0 and
11144.0 9844.0 348.0 88.0 useful
11548.0 9840.0 648.0 100.0 throughout
12260.0 9836.0 180.0 88.0 the

10144.0 9988.0 300.0 96.0 great
10508.0 9984.0 344.0 104.0 plains
10916.0 10004.0 276.0 64.0 area.

10272.0 10140.0 88.0 84.0 It
10420.0 10160.0 212.0 60.0 was
10692.0 10136.0 320.0 84.0 found
11068.0 10136.0 236.0 88.0 that
11360.0 10132.0 304.0 88.0 there
11728.0 10152.0 208.0 64.0 was
11996.0 10148.0 64.0 64.0 a
12116.0 10128.0 320.0 84.0 wider

10140.0 10276.0 524.0 84.0 variation
10760.0 10276.0 100.0 80.0 in
10952.0 10272.0 184.0 88.0 the
11228.0 10268.0 744.0 104.0 precipitation
12060.0 10264.0 112.0 84.0 of
12256.0 10260.0 180.0 88.0 the

10144.0 10412.0 184.0 84.0 fall
10428.0 10408.0 204.0 88.0 and
10736.0 10412.0 404.0 96.0 winter,
11244.0 10408.0 300.0 84.0 when
11644.0 10404.0 180.0 88.0 the
11924.0 10400.0 512.0 84.0 moisture

10140.0 10548.0 372.0 84.0 should
10636.0 10544.0 124.0 88.0 be
10880.0 10544.0 392.0 100.0 stored,
11388.0 10544.0 256.0 84.0 than
11764.0 10536.0 376.0 100.0 during
12256.0 10536.0 180.0 84.0 the

10140.0 10688.0 468.0 96.0 growing
10656.0 10684.0 456.0 84.0 months.
11228.0 10680.0 328.0 88.0 Rains
11608.0 10680.0 104.0 80.0 in
11768.0 10676.0 408.0 100.0 August
12232.0 10668.0 200.0 88.0 and

10140.0 10820.0 288.0 104.0 early
10500.0 10820.0 624.0 104.0 September
11192.0 10812.0 588.0 100.0 invariably
11848.0 10808.0 460.0 104.0 produce
12376.0 10828.0 64.0 64.0 a

10132.0 10960.0 404.0 100.0 growth
10588.0 10960.0 112.0 84.0 of
10740.0 10956.0 376.0 96.0 weeds,
11164.0 10948.0 336.0 92.0 which
11540.0 10948.0 416.0 100.0 usually
11996.0 10944.0 444.0 92.0 exhaust

10140.0 11096.0 176.0 88.0 the
10372.0 11092.0 488.0 88.0 valuable
10916.0 11096.0 512.0 80.0 moisture
11476.0 11088.0 408.0 100.0 supply.
11940.0 11084.0 224.0 84.0 The
12220.0 11080.0 216.0 88.0 loss

10136.0 11236.0 112.0 84.0 of
10304.0 11232.0 512.0 88.0 moisture
10876.0 11228.0 344.0 84.0 which
11272.0 11228.0 196.0 84.0 has
11524.0 11216.0 624.0 112.0 penetrated
12208.0 11224.0 108.0 80.0 to
12376.0 11236.0 64.0 68.0 a

10140.0 11372.0 420.0 96.0 greater
10620.0 11364.0 320.0 104.0 depth
11004.0 11364.0 260.0 88.0 than
11328.0 11360.0 304.0 88.0 three
11696.0 11360.0 400.0 96.0 inches,
12160.0 11356.0 284.0 84.0 after

10140.0 11504.0 180.0 88.0 the
10380.0 11504.0 348.0 84.0 weeds
10792.0 11520.0 180.0 64.0 are
11032.0 11496.0 264.0 88.0 dead
11360.0 11500.0 104.0 80.0 in
11524.0 11496.0 180.0 88.0 the
11768.0 11492.0 180.0 88.0 fall
12012.0 11488.0 204.0 88.0 and
12280.0 11488.0 128.0 84.0 be-

10140.0 11644.0 232.0 84.0 fore
10460.0 11636.0 404.0 104.0 growth
10960.0 11640.0 336.0 80.0 starts
11384.0 11636.0 100.0 80.0 in
11580.0 11632.0 184.0 84.0 the
11856.0 11628.0 396.0 104.0 spring,
12344.0 11628.0 92.0 80.0 is

10136.0 11780.0 392.0 84.0 almost
10604.0 11772.0 604.0 104.0 negligible.
11388.0 11768.0 368.0 88.0 Either
11836.0 11768.0 272.0 80.0 from
12192.0 11760.0 240.0 88.0 land

10140.0 11916.0 184.0 84.0 fall
10392.0 11912.0 404.0 104.0 plowed
10860.0 11932.0 120.0 64.0 or
11044.0 11908.0 268.0 84.0 from
11376.0 11904.0 236.0 88.0 that
11668.0 11900.0 448.0 88.0 covered
12192.0 11896.0 244.0 88.0 with

10136.0 12048.0 416.0 88.0 stubble
10636.0 12048.0 268.0 100.0 light
10980.0 12040.0 744.0 108.0 precipitation
11808.0 12040.0 628.0 96.0 evaporates

10140.0 12188.0 360.0 84.0 unless
10556.0 12188.0 84.0 84.0 it
10696.0 12184.0 244.0 84.0 falls
10996.0 12204.0 120.0 60.0 as
11172.0 12200.0 320.0 76.0 snow,
11548.0 12172.0 340.0 88.0 which
11948.0 12176.0 88.0 80.0 is
12096.0 12172.0 340.0 84.0 blown

10140.0 12324.0 220.0 88.0 into
10436.0 12320.0 316.0 88.0 drifts
10836.0 12316.0 264.0 88.0 until
11180.0 12336.0 60.0 64.0 a
11320.0 12308.0 732.0 92.0 considerable
12132.0 12328.0 268.0 80.0 quan-

10140.0 12460.0 200.0 100.0 tity
10408.0 12460.0 192.0 84.0 has
10672.0 12448.0 764.0 96.0 accumulated.
11604.0 12452.0 140.0 80.0 As
11804.0 12452.0 192.0 80.0 ten
12068.0 12444.0 368.0 84.0 inches

10136.0 12600.0 112.0 84.0 of
10324.0 12596.0 268.0 100.0 light
10672.0 12612.0 288.0 64.0 snow
11048.0 12612.0 184.0 64.0 are
11312.0 12584.0 604.0 100.0 equivalent
12000.0 12592.0 108.0 76.0 to
12192.0 12580.0 244.0 96.0 only

10136.0 12756.0 196.0 64.0 one
10400.0 12728.0 236.0 88.0 inch
10704.0 12728.0 108.0 84.0 of
10872.0 12728.0 260.0 96.0 rain,
11196.0 12724.0 204.0 84.0 and
11468.0 12744.0 196.0 64.0 one
11732.0 12720.0 236.0 84.0 Inch
12036.0 12716.0 112.0 88.0 of
12208.0 12716.0 224.0 84.0 rain

10136.0 12868.0 612.0 104.0 penetrates
10828.0 12864.0 180.0 84.0 the
11088.0 12860.0 196.0 84.0 soil
11360.0 12864.0 108.0 80.0 to
11548.0 12880.0 60.0 60.0 a
11688.0 12856.0 320.0 100.0 depth
12088.0 12852.0 112.0 88.0 of
12276.0 12852.0 156.0 84.0 six

10136.0 13004.0 396.0 104.0 inches,
10636.0 13004.0 80.0 84.0 it
10816.0 12996.0 212.0 88.0 will
11124.0 12996.0 128.0 88.0 be
11348.0 12992.0 404.0 100.0 readily
11852.0 13012.0 252.0 64.0 seen
12204.0 12988.0 228.0 88.0 that

10136.0 13160.0 348.0 68.0 snows
10556.0 13140.0 112.0 80.0 of
10736.0 13156.0 200.0 64.0 one
11012.0 13136.0 108.0 84.0 to
11192.0 13136.0 208.0 84.0 two
11476.0 13128.0 368.0 88.0 inches
11920.0 13124.0 376.0 104.0 supply
12372.0 13144.0 64.0 64.0 a

10132.0 13300.0 252.0 76.0 very
10504.0 13272.0 308.0 88.0 email
10932.0 13272.0 432.0 84.0 amount
11484.0 13264.0 108.0 88.0 of
11712.0 13264.0 540.0 92.0 moisture,
12376.0 13284.0 60.0 60.0 a

10136.0 13420.0 420.0 96.0 greater
10628.0 13412.0 236.0 96.0 part
10936.0 13408.0 112.0 84.0 of
11120.0 13400.0 340.0 88.0 which
11536.0 13400.0 208.0 84.0 will
11820.0 13396.0 128.0 88.0 be
12020.0 13400.0 208.0 84.0 lost
12304.0 13396.0 128.0 100.0 by

10132.0 13544.0 716.0 104.0 evaporation.
11028.0 13544.0 348.0 96.0 Every
11456.0 13536.0 312.0 88.0 effort
11852.0 13532.0 368.0 88.0 should
12312.0 13532.0 120.0 84.0 be

10132.0 13684.0 332.0 96.0 made,
10520.0 13680.0 564.0 96.0 therefore,
11136.0 13680.0 108.0 84.0 to
11300.0 13696.0 508.0 64.0 conserve
11864.0 13672.0 176.0 88.0 the
12084.0 13672.0 316.0 84.0 moist-

10132.0 13844.0 184.0 64.0 ure
10388.0 13816.0 340.0 88.0 which
10804.0 13812.0 248.0 88.0 falls
11128.0 13812.0 344.0 84.0 either
11544.0 13808.0 308.0 84.0 while
11924.0 13808.0 184.0 84.0 the
12184.0 13828.0 248.0 80.0 crop

10132.0 13960.0 92.0 84.0 Is
10312.0 13980.0 128.0 64.0 on
10532.0 13956.0 180.0 84.0 the
10800.0 13948.0 244.0 88.0 land
11132.0 13968.0 116.0 64.0 or
11340.0 13948.0 308.0 84.0 while
11740.0 13944.0 176.0 88.0 the
12008.0 13940.0 240.0 88.0 land
12340.0 13944.0 92.0 84.0 is

10132.0 14096.0 288.0 100.0 lying
10480.0 14092.0 236.0 84.0 idle.

10260.0 14244.0 312.0 100.0 Early
10652.0 14240.0 184.0 84.0 fall
10912.0 14236.0 288.0 88.0 rains
11276.0 14232.0 208.0 88.0 will
11560.0 14232.0 124.0 88.0 be
11756.0 14232.0 256.0 84.0 used
12092.0 14252.0 128.0 80.0 up
12304.0 14232.0 124.0 96.0 by

10128.0 14380.0 352.0 88.0 weeds
10580.0 14376.0 356.0 84.0 unless
11028.0 14372.0 184.0 88.0 the
11300.0 14368.0 244.0 88.0 land
11636.0 14372.0 92.0 84.0 is
11820.0 14368.0 608.0 84.0 cultivated.

10132.0 14516.0 368.0 100.0 Heavy
10592.0 14516.0 372.0 80.0 winter
11052.0 14528.0 352.0 64.0 snows
11488.0 14528.0 240.0 76.0 may
11816.0 14524.0 340.0 76.0 occur,
12248.0 14500.0 180.0 88.0 but

10128.0 14656.0 252.0 100.0 they
10456.0 14672.0 184.0 68.0 are
10712.0 14648.0 324.0 100.0 likely
11112.0 14648.0 108.0 84.0 to
11300.0 14644.0 268.0 84.0 blow
11648.0 14640.0 144.0 84.0 off
11868.0 14640.0 180.0 88.0 the
12124.0 14636.0 304.0 88.0 fields

10132.0 14792.0 360.0 84.0 unless
10576.0 14788.0 304.0 88.0 there
10968.0 14784.0 92.0 84.0 is
11152.0 14780.0 344.0 88.0 either
11580.0 14776.0 420.0 88.0 stubble
12092.0 14796.0 116.0 64.0 or
12292.0 14800.0 132.0 60.0 an

10132.0 14948.0 408.0 64.0 uneven
10640.0 14924.0 420.0 84.0 surface
11152.0 14920.0 108.0 84.0 to
11356.0 14916.0 240.0 84.0 hold
11696.0 14912.0 316.0 88.0 them.
12208.0 14912.0 220.0 84.0 The

10128.0 15064.0 256.0 88.0 time
10452.0 15060.0 204.0 88.0 and
10732.0 15052.0 424.0 92.0 method
11232.0 15052.0 108.0 84.0 of
11412.0 15052.0 652.0 96.0 cultivation,
12144.0 15048.0 280.0 96.0 then,

10128.0 15200.0 376.0 84.0 should
10608.0 15196.0 128.0 84.0 be
10832.0 15188.0 456.0 108.0 planned
11388.0 15196.0 108.0 80.0 to
11596.0 15192.0 440.0 92.0 prevent
12136.0 15184.0 284.0 84.0 weed

10128.0 15332.0 404.0 104.0 growth
10592.0 15328.0 204.0 88.0 and
10856.0 15328.0 216.0 88.0 still
11132.0 15328.0 300.0 80.0 leave
11488.0 15324.0 176.0 88.0 the
11724.0 15324.0 192.0 84.0 soil
11980.0 15344.0 116.0 64.0 or
12152.0 15324.0 240.0 88.0 stub-

10128.0 15472.0 168.0 88.0 ble
10344.0 15472.0 104.0 84.0 In
10500.0 15468.0 256.0 88.0 such
10808.0 15488.0 64.0 64.0 a
10916.0 15460.0 536.0 92.0 condition
11504.0 15460.0 232.0 84.0 that
11788.0 15460.0 80.0 84.0 it
11916.0 15460.0 212.0 84.0 will
12180.0 15456.0 244.0 88.0 hold

10128.0 15608.0 180.0 92.0 the
10368.0 15608.0 572.0 84.0 maximum
11004.0 15620.0 320.0 64.0 snow.
11420.0 15596.0 548.0 96.0 However,
12028.0 15596.0 180.0 84.0 the
12268.0 15616.0 128.0 76.0 pe-

10124.0 15744.0 228.0 88.0 riod
10428.0 15744.0 300.0 84.0 when
10796.0 15736.0 300.0 88.0 labor
11164.0 15736.0 92.0 84.0 is
11324.0 15732.0 524.0 88.0 available
11920.0 15732.0 208.0 84.0 will
12196.0 15732.0 224.0 84.0 also

10128.0 15884.0 124.0 84.0 be
10316.0 15904.0 132.0 64.0 an
10512.0 15876.0 576.0 104.0 important
11152.0 15876.0 340.0 80.0 factor
11548.0 15872.0 104.0 80.0 in
11720.0 15868.0 704.0 100.0 determining

10124.0 16020.0 180.0 88.0 the
10384.0 16020.0 256.0 84.0 time
10720.0 16012.0 108.0 84.0 of
10908.0 16012.0 484.0 100.0 plowing.
11540.0 16004.0 332.0 88.0 When
11956.0 16004.0 296.0 84.0 labor
12336.0 16004.0 84.0 88.0 is

10128.0 16176.0 392.0 76.0 scarce,
10628.0 16148.0 620.0 88.0 cultivation
11356.0 16144.0 304.0 84.0 other
11764.0 16140.0 252.0 88.0 than
12124.0 16140.0 268.0 100.0 plow-

10128.0 16296.0 176.0 100.0 ing
10376.0 16292.0 340.0 84.0 which
10792.0 16284.0 204.0 84.0 will
11072.0 16280.0 184.0 88.0 kill
11328.0 16280.0 348.0 84.0 weeds
11748.0 16276.0 200.0 84.0 and
12028.0 16300.0 192.0 64.0 can
12300.0 16276.0 56.0 84.0 b

10128.0 16432.0 268.0 84.0 done
10468.0 16424.0 412.0 104.0 rapidly
10956.0 16440.0 240.0 80.0 may
11276.0 16416.0 120.0 84.0 be
11472.0 16412.0 476.0 88.0 resorted
12028.0 16420.0 136.0 80.0 to.
12340.0 16412.0 84.0 88.0 If

10124.0 16568.0 212.0 88.0 this
10416.0 16556.0 620.0 96.0 cultivation
11112.0 16556.0 356.0 84.0 leaves
11544.0 16552.0 180.0 88.0 the
11800.0 16548.0 416.0 88.0 stubble
12288.0 16572.0 136.0 64.0 on

10124.0 16708.0 180.0 88.0 the
10356.0 16704.0 420.0 84.0 surface
10824.0 16716.0 116.0 64.0 or
10988.0 16696.0 356.0 84.0 leaves
11392.0 16692.0 180.0 84.0 the
11624.0 16688.0 420.0 84.0 surface
12092.0 16692.0 328.0 96.0 rough

10124.0 16840.0 412.0 100.0 enough
10600.0 16840.0 104.0 84.0 to
10768.0 16828.0 240.0 88.0 hold
11068.0 16832.0 180.0 84.0 the
11304.0 16848.0 324.0 76.0 snow,
11688.0 16824.0 80.0 88.0 it
11832.0 16844.0 236.0 80.0 may
12132.0 16820.0 120.0 88.0 be
12316.0 16824.0 108.0 84.0 of

10124.0 17000.0 264.0 68.0 even
10444.0 16980.0 420.0 100.0 greater
10920.0 16968.0 304.0 84.0 value
11276.0 16964.0 256.0 88.0 than
11592.0 16960.0 480.0 104.0 plowing.
12132.0 16960.0 260.0 84.0 Disk-

10124.0 17120.0 180.0 96.0 ing
10360.0 17136.0 120.0 64.0 or
10536.0 17112.0 364.0 96.0 listing
10964.0 17108.0 100.0 80.0 in
11128.0 17104.0 180.0 84.0 the
11372.0 17100.0 184.0 84.0 fall
11616.0 17120.0 184.0 64.0 are
11860.0 17096.0 176.0 88.0 the
12100.0 17096.0 288.0 88.0 meth-

10120.0 17256.0 192.0 84.0 ods
10372.0 17252.0 276.0 84.0 most
10708.0 17240.0 592.0 100.0 commonly
11360.0 17232.0 284.0 88.0 used.

10244.0 17404.0 228.0 88.0 The
10592.0 17400.0 432.0 84.0 amount
11144.0 17392.0 112.0 84.0 of
11376.0 17388.0 512.0 84.0 moisture
12012.0 17388.0 100.0 84.0 in
12244.0 17388.0 180.0 84.0 the

10124.0 17536.0 400.0 108.0 ground
10616.0 17536.0 100.0 84.0 in
10808.0 17532.0 180.0 84.0 the
11072.0 17524.0 364.0 104.0 spring
11524.0 17524.0 88.0 84.0 is
11700.0 17524.0 244.0 100.0 only
12032.0 17544.0 196.0 64.0 one
12312.0 17524.0 112.0 84.0 of

10120.0 17680.0 184.0 84.0 the
10384.0 17680.0 400.0 80.0 factors
10864.0 17668.0 100.0 84.0 in
11048.0 17664.0 576.0 100.0 producing
11700.0 17660.0 300.0 100.0 grain
12084.0 17680.0 336.0 80.0 crops.

10124.0 17812.0 380.0 88.0 Weeds
10564.0 17804.0 468.0 104.0 growing
11088.0 17800.0 248.0 84.0 with
11396.0 17796.0 180.0 88.0 the
11632.0 17816.0 248.0 80.0 crop
11940.0 17816.0 236.0 80.0 may
12240.0 17816.0 184.0 64.0 use

10120.0 17948.0 412.0 100.0 enough
10632.0 17948.0 328.0 80.0 water
11048.0 17944.0 108.0 80.0 to
11252.0 17936.0 500.0 84.0 decrease
11844.0 17932.0 184.0 84.0 the
12120.0 17936.0 300.0 96.0 ftrain

10120.0 18084.0 308.0 104.0 yield.
10568.0 18084.0 88.0 84.0 It
10724.0 18096.0 220.0 68.0 was
11012.0 18072.0 324.0 88.0 found
11408.0 18068.0 232.0 88.0 that
11712.0 18068.0 184.0 84.0 fall
11968.0 18068.0 452.0 100.0 plowing

10116.0 18232.0 112.0 80.0 at
10300.0 18224.0 184.0 84.0 the
10556.0 18216.0 356.0 88.0 Akron
10992.0 18212.0 396.0 84.0 Ptation
11468.0 18208.0 88.0 84.0 is
11632.0 18204.0 572.0 104.0 especially
12280.0 18204.0 108.0 84.0 fa-

10120.0 18356.0 428.0 88.0 vorable
10652.0 18360.0 108.0 80.0 to
10864.0 18348.0 352.0 84.0 weeds
11324.0 18344.0 456.0 100.0 starting
11884.0 18344.0 252.0 84.0 with
12240.0 18344.0 176.0 84.0 the

10120.0 18496.0 328.0 104.0 grain.
10644.0 18488.0 464.0 96.0 Plowing
11200.0 18484.0 104.0 80.0 in
11396.0 18480.0 180.0 88.0 the
11672.0 18476.0 392.0 104.0 spring,
12156.0 18476.0 232.0 84.0 how-

10120.0 18656.0 276.0 76.0 ever,
10456.0 18620.0 632.0 104.0 thoroughly
11144.0 18616.0 600.0 88.0 eliminates
11804.0 18616.0 176.0 84.0 the
12044.0 18616.0 376.0 104.0 weeds,

10116.0 18768.0 204.0 88.0 and
10404.0 18768.0 80.0 84.0 if
10556.0 18764.0 268.0 84.0 done
10900.0 18752.0 720.0 100.0 immediately
11704.0 18752.0 356.0 84.0 before
12136.0 18752.0 248.0 84.0 seed-

10120.0 18908.0 208.0 100.0 ing,
10380.0 18904.0 296.0 100.0 gives
10728.0 18900.0 184.0 84.0 the
10964.0 18896.0 296.0 96.0 grain
11316.0 18912.0 248.0 80.0 crop
11620.0 18912.0 60.0 60.0 a
11728.0 18896.0 272.0 80.0 start
12060.0 18888.0 360.0 88.0 before

10124.0 19044.0 172.0 84.0 the
10388.0 19036.0 352.0 88.0 weeds
10836.0 19048.0 608.0 68.0 commence
11532.0 19032.0 108.0 80.0 to
11732.0 19048.0 308.0 76.0 grow.
12196.0 19024.0 224.0 84.0 The

10120.0 19176.0 272.0 88.0 ideal
10480.0 19168.0 620.0 92.0 cultivation
11184.0 19160.0 336.0 88.0 would
11604.0 19168.0 444.0 92.0 prevent
12132.0 19160.0 284.0 84.0 weed

10120.0 19308.0 404.0 108.0 growth
10604.0 19308.0 104.0 80.0 in
10792.0 19304.0 180.0 88.0 the
11052.0 19300.0 216.0 96.0 fall,
11352.0 19300.0 296.0 84.0 leave
11728.0 19300.0 180.0 84.0 the
11988.0 19296.0 240.0 84.0 land
12316.0 19300.0 100.0 80.0 In

10120.0 19448.0 260.0 88.0 such
10456.0 19440.0 536.0 92.0 condition
11068.0 19460.0 120.0 60.0 as
11260.0 19440.0 104.0 84.0 to
11440.0 19436.0 344.0 84.0 retain
11856.0 19432.0 180.0 88.0 the
12112.0 19436.0 272.0 84.0 maxi-

10120.0 19608.0 280.0 60.0 mum
10480.0 19600.0 288.0 64.0 snow
10852.0 19576.0 100.0 84.0 in
11032.0 19572.0 180.0 88.0 the
11292.0 19572.0 400.0 96.0 winter,
11776.0 19568.0 200.0 88.0 and
12060.0 19568.0 352.0 88.0 retard

10116.0 19724.0 184.0 84.0 the
10356.0 19712.0 700.0 108.0 germination
11112.0 19708.0 108.0 84.0 of
11272.0 19708.0 284.0 84.0 weed
11616.0 19704.0 248.0 88.0 seed
11920.0 19704.0 260.0 88.0 until
12240.0 19704.0 176.0 88.0 the

10120.0 19880.0 248.0 80.0 crop
10448.0 19856.0 332.0 80.0 starts
10864.0 19848.0 100.0 84.0 in
11048.0 19844.0 180.0 88.0 the
11308.0 19848.0 392.0 96.0 spring.

10616.0 20184.0 768.0 112.0 Reproductive
11456.0 20184.0 472.0 84.0 Process.

10248.0 20368.0 84.0 80.0 A
10404.0 20356.0 260.0 104.0 good
10744.0 20352.0 200.0 88.0 hen
11024.0 20352.0 84.0 80.0 is
11180.0 20348.0 508.0 100.0 expected
11768.0 20352.0 104.0 80.0 to
11944.0 20348.0 168.0 100.0 lay
12192.0 20352.0 100.0 80.0 in
12364.0 20368.0 56.0 68.0 a

10120.0 20520.0 252.0 80.0 year
10456.0 20496.0 320.0 84.0 about
10868.0 20488.0 196.0 84.0 five
11156.0 20488.0 316.0 84.0 times
11564.0 20484.0 184.0 84.0 her
11844.0 20484.0 384.0 104.0 weight
12324.0 20484.0 96.0 84.0 in

10120.0 20656.0 280.0 84.0 eggs.
10520.0 20628.0 256.0 88.0 This
10828.0 20644.0 368.0 64.0 means
11244.0 20644.0 60.0 60.0 a
11356.0 20620.0 740.0 100.0 reproductive
12152.0 20640.0 244.0 84.0 proc-

10120.0 20796.0 176.0 64.0 ess
10404.0 20792.0 132.0 64.0 on
10644.0 20768.0 180.0 84.0 the
10924.0 20780.0 488.0 80.0 average,
11512.0 20764.0 108.0 76.0 at
11732.0 20760.0 272.0 84.0 least
12108.0 20780.0 312.0 80.0 every

10120.0 20908.0 280.0 92.0 third
10464.0 20908.0 200.0 96.0 day
10728.0 20900.0 380.0 96.0 during
11172.0 20896.0 176.0 84.0 the
11412.0 20916.0 280.0 80.0 year,
11756.0 20916.0 120.0 64.0 or
11944.0 20896.0 472.0 100.0 perhaps,

10120.0 21052.0 104.0 84.0 In
10296.0 21068.0 236.0 64.0 rare
10608.0 21044.0 572.0 84.0 Instances,
11248.0 21052.0 316.0 80.0 every
11636.0 21032.0 304.0 84.0 other
12012.0 21032.0 228.0 100.0 day.

10752.0 21344.0 512.0 100.0 Breeding
11348.0 21340.0 448.0 80.0 Heifers.

10256.0 21496.0 328.0 92.0 Breed
10708.0 21492.0 396.0 84.0 heifers
11216.0 21492.0 108.0 76.0 to
11432.0 21484.0 260.0 100.0 drop
11804.0 21484.0 276.0 84.0 their
12196.0 21488.0 220.0 84.0 first

10120.0 21636.0 356.0 88.0 calves
10540.0 21636.0 108.0 80.0 at
10708.0 21624.0 676.0 100.0 twenty-four
11440.0 21628.0 108.0 76.0 to
11608.0 21620.0 324.0 100.0 thirty
12000.0 21628.0 412.0 80.0 month!

10120.0 21776.0 108.0 84.0 of
10284.0 21792.0 224.0 80.0 age.
10660.0 21764.0 256.0 88.0 Give
10968.0 21780.0 284.0 64.0 cows
11308.0 21760.0 160.0 80.0 six
11524.0 21764.0 108.0 76.0 to
11688.0 21756.0 288.0 100.0 eight
12044.0 21764.0 368.0 84.0 woeki'

10120.0 21916.0 220.0 80.0 rest
10400.0 21908.0 472.0 84.0 between
10932.0 21896.0 504.0 88.0 lactation
11500.0 21896.0 444.0 100.0 periods.

12624.0 880.0 528.0 392.0 UTAH
13416.0 888.0 648.0 392.0 m
14272.0 904.0 608.0 392.0 NEWS

12732.0 1504.0 476.0 104.0 Summit,
13268.0 1512.0 232.0 84.0 Iron
13564.0 1520.0 408.0 96.0 county,
14032.0 1520.0 88.0 84.0 Is
14180.0 1524.0 556.0 104.0 preparing
14796.0 1532.0 100.0 80.0 to

12604.0 1644.0 348.0 84.0 Install
13024.0 1668.0 64.0 60.0 a
13140.0 1652.0 568.0 96.0 municipal
13780.0 1660.0 324.0 76.0 water
14164.0 1668.0 424.0 88.0 system.

12728.0 1792.0 216.0 88.0 The
13000.0 1796.0 640.0 104.0 Bamberger
13692.0 1804.0 212.0 84.0 line
13956.0 1808.0 208.0 84.0 will
14224.0 1808.0 276.0 88.0 build
14560.0 1832.0 60.0 64.0 a
14672.0 1836.0 224.0 60.0 new

12664.0 1932.0 268.0 92.0 5,000
13000.0 1936.0 392.0 84.0 station
13460.0 1944.0 112.0 80.0 at
13632.0 1940.0 540.0 100.0 Kaysville
14240.0 1944.0 100.0 84.0 in
14408.0 1948.0 172.0 88.0 the
14644.0 1972.0 260.0 64.0 near

12604.0 2068.0 372.0 88.0 future.

12724.0 2224.0 216.0 84.0 The
13012.0 2232.0 384.0 84.0 annual
13468.0 2228.0 628.0 88.0 convention
14172.0 2236.0 108.0 80.0 of
14352.0 2236.0 176.0 84.0 the
14596.0 2236.0 280.0 84.0 inter-

12596.0 2364.0 540.0 84.0 mountain
13208.0 2368.0 280.0 84.0 Good
13560.0 2372.0 344.0 80.0 Roads
13980.0 2372.0 640.0 88.0 associa'n
14688.0 2376.0 212.0 84.0 will

12600.0 2496.0 116.0 84.0 be
12788.0 2500.0 236.0 84.0 held
13092.0 2500.0 100.0 84.0 in
13268.0 2504.0 392.0 100.0 Ogden,
13724.0 2508.0 268.0 84.0 June
14060.0 2508.0 108.0 84.0 13
14240.0 2512.0 196.0 84.0 and
14508.0 2512.0 144.0 84.0 14.

12724.0 2648.0 340.0 88.0 Cache
13152.0 2664.0 384.0 96.0 county
13624.0 2660.0 212.0 84.0 this
13924.0 2684.0 256.0 76.0 year
14260.0 2664.0 188.0 84.0 has
14532.0 2688.0 132.0 60.0 an
14752.0 2684.0 124.0 64.0 as-

12596.0 2796.0 360.0 84.0 sessed
13024.0 2792.0 528.0 88.0 valuation
13616.0 2800.0 108.0 84.0 of
13788.0 2800.0 644.0 104.0 $21,054,660,
14492.0 2804.0 376.0 84.0 accord-

12600.0 2924.0 172.0 100.0 ing
12844.0 2932.0 100.0 80.0 to
13012.0 2924.0 184.0 92.0 the
13264.0 2940.0 352.0 92.0 report
13688.0 2936.0 108.0 88.0 of
13864.0 2936.0 176.0 88.0 the
14124.0 2944.0 376.0 96.0 county
14568.0 2960.0 300.0 64.0 asses-

12592.0 3080.0 204.0 68.0 sor.
12716.0 3216.0 560.0 88.0 Elaborate
13408.0 3228.0 668.0 96.0 preparation
14284.0 3252.0 176.0 60.0 are
14592.0 3228.0 312.0 104.0 being

12596.0 3352.0 300.0 84.0 made
12996.0 3360.0 100.0 80.0 to
13200.0 3360.0 412.0 84.0 receive
13708.0 3360.0 176.0 88.0 the
13988.0 3360.0 440.0 92.0 visitors
14524.0 3368.0 104.0 84.0 to
14724.0 3368.0 180.0 84.0 the

12596.0 3492.0 456.0 100.0 meeting
13120.0 3496.0 108.0 80.0 of
13296.0 3496.0 176.0 88.0 the
13548.0 3496.0 272.0 88.0 Utah
13900.0 3504.0 664.0 104.0 Elksfttate
14632.0 3524.0 276.0 64.0 asso.

12596.0 3624.0 384.0 88.0 ciation
13036.0 3636.0 108.0 80.0 at
13200.0 3632.0 272.0 88.0 Park
13528.0 3632.0 232.0 104.0 City
13808.0 3664.0 136.0 60.0 on
13996.0 3636.0 256.0 88.0 Juiu
14344.0 3672.0 36.0 76.0 ?
14436.0 3644.0 204.0 84.0 and
14700.0 3644.0 80.0 80.0 6.

12720.0 3776.0 424.0 104.0 Bartley
13220.0 3780.0 536.0 108.0 Connolly,
13832.0 3788.0 320.0 88.0 about
14224.0 3792.0 124.0 104.0 3,5
14424.0 3816.0 308.0 76.0 years
14800.0 3792.0 112.0 84.0 of

12592.0 3932.0 220.0 88.0 age,
12896.0 3936.0 212.0 64.0 was
13184.0 3920.0 512.0 104.0 instantly
13772.0 3928.0 320.0 84.0 killed
14168.0 3932.0 100.0 80.0 in
14364.0 3932.0 176.0 84.0 the
14616.0 3932.0 292.0 84.0 Nebo
15412.0 3984.0 48.0 60.0 -,

12596.0 4052.0 392.0 84.0 marble
13052.0 4076.0 408.0 84.0 quarry,
13520.0 4084.0 260.0 64.0 near
13836.0 4060.0 440.0 104.0 Thistle,
14328.0 4068.0 260.0 100.0 Vslj
14648.0 4064.0 252.0 100.0 rack

12592.0 4188.0 372.0 100.0 falling
13020.0 4216.0 140.0 64.0 on
13224.0 4196.0 168.0 84.0 his
13456.0 4200.0 268.0 88.0 head
13792.0 4204.0 204.0 88.0 and
14068.0 4204.0 588.0 104.0 fracturing
14716.0 4212.0 180.0 84.0 the

12592.0 4324.0 304.0 92.0 skull.

12716.0 4476.0 148.0 88.0 To
12948.0 4480.0 300.0 88.0 avoid
13336.0 4488.0 452.0 104.0 striking
13864.0 4516.0 64.0 64.0 a
14008.0 4492.0 276.0 88.0 child
14364.0 4496.0 228.0 84.0 who
14680.0 4520.0 216.0 64.0 was

12592.0 4612.0 428.0 108.0 playing
13100.0 4620.0 100.0 84.0 In
13292.0 4620.0 176.0 88.0 the
13552.0 4632.0 364.0 96.0 street,
14004.0 4632.0 468.0 84.0 William
14552.0 4636.0 316.0 84.0 Peter-

12592.0 4768.0 220.0 88.0 son,
12880.0 4756.0 116.0 88.0 of
13068.0 4756.0 224.0 88.0 Salt
13368.0 4760.0 316.0 104.0 Lake,
13756.0 4788.0 188.0 64.0 ran
14016.0 4768.0 164.0 84.0 his
14260.0 4776.0 636.0 96.0 motorcycle

12592.0 4892.0 216.0 88.0 into
12892.0 4916.0 60.0 64.0 a
13036.0 4904.0 340.0 80.0 street
13452.0 4920.0 180.0 68.0 car
13712.0 4904.0 208.0 84.0 and
13996.0 4928.0 220.0 64.0 was
14304.0 4908.0 368.0 100.0 fatally
14760.0 4912.0 100.0 84.0 in-

12588.0 5028.0 332.0 96.0 jured.
12712.0 5184.0 216.0 88.0 The
12996.0 5208.0 488.0 80.0 supreme
13548.0 5200.0 304.0 84.0 court
13916.0 5196.0 196.0 88.0 has
14184.0 5200.0 236.0 84.0 held
14492.0 5196.0 228.0 88.0 that
14788.0 5204.0 104.0 84.0 C.

12588.0 5324.0 148.0 84.0 W.
12800.0 5324.0 416.0 104.0 Shores,
13276.0 5328.0 564.0 100.0 appointed
13896.0 5336.0 284.0 84.0 chief
14232.0 5340.0 108.0 84.0 of
14396.0 5340.0 336.0 96.0 police
14788.0 5340.0 104.0 84.0 of

12588.0 5460.0 228.0 88.0 Salt
12880.0 5464.0 316.0 100.0 Lake,
13268.0 5468.0 88.0 84.0 is
13432.0 5476.0 176.0 76.0 not
13680.0 5472.0 420.0 100.0 eligible
14168.0 5480.0 108.0 80.0 to
14348.0 5476.0 240.0 84.0 hold
14664.0 5476.0 232.0 88.0 that

12584.0 5596.0 336.0 104.0 office,
12988.0 5600.0 316.0 104.0 being
13360.0 5628.0 64.0 60.0 a
13480.0 5608.0 472.0 88.0 resident
14004.0 5612.0 116.0 84.0 of
14180.0 5612.0 444.0 100.0 Denver,
14688.0 5616.0 204.0 84.0 and

12584.0 5744.0 180.0 76.0 not
12820.0 5760.0 60.0 64.0 a
12944.0 5744.0 488.0 96.0 qualified
13492.0 5748.0 396.0 84.0 elector
13948.0 5748.0 108.0 92.0 of
14116.0 5752.0 224.0 84.0 Salt
14396.0 5748.0 320.0 88.0 Lake.

12712.0 5892.0 216.0 88.0 The
13004.0 5916.0 440.0 80.0 rangers
13516.0 5900.0 112.0 84.0 of
13696.0 5904.0 180.0 84.0 the
13948.0 5904.0 400.0 100.0 Ashley
14420.0 5900.0 472.0 88.0 national

12584.0 6028.0 336.0 88.0 forest
13016.0 6040.0 356.0 96.0 report
13464.0 6036.0 228.0 88.0 that
13788.0 6040.0 560.0 100.0 predatory
14444.0 6040.0 452.0 88.0 animals

12584.0 6188.0 292.0 64.0 seem
12956.0 6176.0 104.0 84.0 to
13144.0 6172.0 124.0 84.0 be
13348.0 6196.0 132.0 64.0 on
13568.0 6176.0 172.0 88.0 the
13824.0 6176.0 512.0 104.0 increase,
14416.0 6180.0 448.0 84.0 notwith-

12584.0 6304.0 496.0 108.0 standing
13180.0 6312.0 176.0 84.0 the
13452.0 6316.0 496.0 100.0 trapping
14040.0 6320.0 200.0 80.0 and
14340.0 6316.0 552.0 100.0 poisoning

12584.0 6448.0 556.0 100.0 campaign
13224.0 6452.0 116.0 84.0 of
13436.0 6452.0 176.0 84.0 the
13716.0 6452.0 668.0 100.0 department
14484.0 6456.0 200.0 84.0 and
14784.0 6456.0 112.0 88.0 of

12584.0 6580.0 176.0 88.0 the
12844.0 6584.0 468.0 88.0 citizens.

12700.0 6740.0 88.0 80.0 A
12836.0 6744.0 844.0 96.0 representative
13732.0 6748.0 108.0 84.0 of
13892.0 6748.0 172.0 88.0 the
14120.0 6748.0 392.0 88.0 bureau
14568.0 6752.0 108.0 84.0 of
14728.0 6768.0 128.0 68.0 en-

12584.0 6876.0 524.0 104.0 tomology
13188.0 6880.0 232.0 84.0 who
13500.0 6884.0 192.0 84.0 has
13772.0 6884.0 264.0 88.0 been
14120.0 6888.0 104.0 84.0 in
14308.0 6888.0 180.0 84.0 the
14568.0 6888.0 324.0 88.0 Uinta

12584.0 7012.0 296.0 88.0 basin
12960.0 7024.0 420.0 92.0 reports
13468.0 7016.0 232.0 92.0 that
13784.0 7024.0 132.0 84.0 he
14004.0 7028.0 268.0 84.0 finds
14360.0 7028.0 240.0 84.0 that
14680.0 7044.0 176.0 64.0 sec-

12584.0 7152.0 216.0 92.0 tion
12860.0 7156.0 632.0 104.0 reasonably
13552.0 7160.0 220.0 88.0 free
13824.0 7164.0 276.0 84.0 from
14164.0 7164.0 340.0 88.0 insect
14560.0 7168.0 332.0 96.0 pests.

12580.0 7292.0 156.0 88.0 No
12792.0 7300.0 296.0 84.0 trace
13152.0 7300.0 112.0 84.0 of
13316.0 7300.0 368.0 84.0 weevil
13748.0 7300.0 192.0 88.0 has
14004.0 7308.0 172.0 96.0 yet
14236.0 7304.0 272.0 88.0 been
14560.0 7304.0 332.0 84.0 found

12580.0 7432.0 96.0 84.0 in
12748.0 7432.0 176.0 88.0 the
12988.0 7432.0 328.0 92.0 Uinta
13376.0 7436.0 332.0 88.0 basin.

12700.0 7580.0 112.0 88.0 In
12884.0 7608.0 132.0 64.0 an
13092.0 7588.0 540.0 100.0 explosion
13704.0 7592.0 104.0 84.0 in
13936.0 7592.0 180.0 84.0 the
14248.0 7592.0 636.0 104.0 Daly-Judge

12580.0 7720.0 276.0 88.0 mine
12924.0 7728.0 112.0 84.0 at
13116.0 7724.0 280.0 88.0 Park
13532.0 7724.0 264.0 104.0 City,
13936.0 7728.0 336.0 104.0 Cyrus
14420.0 7732.0 464.0 100.0 Stanley,

12576.0 7864.0 260.0 96.0 aged
12904.0 7868.0 116.0 88.0 52
13096.0 7884.0 340.0 84.0 years,
13508.0 7884.0 64.0 64.0 a
13640.0 7868.0 364.0 108.0 miner,
14076.0 7892.0 220.0 60.0 was
14372.0 7868.0 516.0 104.0 instantly

12580.0 8000.0 312.0 88.0 killed
12948.0 8004.0 208.0 84.0 and
13216.0 8004.0 260.0 84.0 Tom
13540.0 8004.0 688.0 104.0 Dondervich,
14288.0 8032.0 64.0 60.0 a
14408.0 8028.0 444.0 80.0 compan-

12580.0 8136.0 196.0 104.0 ion,
12852.0 8140.0 484.0 88.0 received
13412.0 8140.0 444.0 100.0 injuries
13932.0 8144.0 344.0 84.0 which
14348.0 8168.0 244.0 80.0 may
14664.0 8164.0 188.0 68.0 ren-

12576.0 8280.0 184.0 88.0 der
12820.0 8280.0 212.0 84.0 him
13096.0 8284.0 376.0 92.0 totally
13532.0 8280.0 316.0 88.0 blind.

12700.0 8432.0 356.0 88.0 James
13112.0 8436.0 316.0 96.0 Burk,
13476.0 8436.0 180.0 84.0 the
13712.0 8436.0 396.0 100.0 cripple
14164.0 8432.0 228.0 92.0 who
14444.0 8436.0 444.0 104.0 pleaded

12576.0 8568.0 336.0 104.0 guilty
12996.0 8576.0 112.0 80.0 to
13200.0 8596.0 64.0 60.0 a
13344.0 8576.0 388.0 96.0 charge
13824.0 8576.0 104.0 84.0 of
14020.0 8584.0 388.0 76.0 second
14504.0 8576.0 384.0 100.0 degree

12576.0 8708.0 424.0 84.0 murder
13084.0 8708.0 164.0 92.0 for
13328.0 8708.0 180.0 88.0 the
13596.0 8712.0 376.0 100.0 killing
14052.0 8712.0 112.0 84.0 of
14244.0 8712.0 468.0 84.0 William
14796.0 8712.0 88.0 84.0 J.

12580.0 8844.0 468.0 104.0 Maguire
13116.0 8848.0 104.0 84.0 in
13280.0 8848.0 180.0 88.0 the
13516.0 8848.0 220.0 100.0 city
13796.0 8848.0 180.0 100.0 jail
14040.0 8856.0 108.0 80.0 at
14212.0 8848.0 396.0 104.0 Ogden,
14672.0 8868.0 216.0 64.0 was

12576.0 8988.0 568.0 84.0 sentenced
13240.0 8992.0 108.0 80.0 to
13444.0 9004.0 304.0 68.0 serve
13840.0 9008.0 132.0 64.0 an
14068.0 8988.0 820.0 88.0 Indeterminate

12580.0 9128.0 264.0 80.0 term
12932.0 9124.0 104.0 84.0 in
13124.0 9124.0 180.0 88.0 the
13392.0 9128.0 284.0 84.0 state
13764.0 9124.0 392.0 100.0 prison.

12696.0 9276.0 324.0 88.0 Uinta
13084.0 9284.0 388.0 100.0 county
13528.0 9284.0 88.0 84.0 is
13684.0 9288.0 104.0 84.0 to
13852.0 9288.0 268.0 84.0 have
14176.0 9308.0 64.0 64.0 a
14292.0 9284.0 276.0 88.0 bond
14632.0 9284.0 216.0 84.0 elec-

12576.0 9416.0 216.0 88.0 tion
12880.0 9424.0 108.0 80.0 to
13076.0 9420.0 364.0 88.0 decide
13532.0 9420.0 480.0 88.0 whether
14096.0 9424.0 180.0 84.0 the
14364.0 9420.0 324.0 88.0 board
14772.0 9424.0 112.0 84.0 of

12572.0 9560.0 860.0 92.0 commissioners
13512.0 9580.0 240.0 80.0 may
13892.0 9564.0 252.0 84.0 thus
14284.0 9560.0 276.0 88.0 raise
14704.0 9560.0 180.0 88.0 the

12572.0 9716.0 232.0 64.0 sum
12864.0 9708.0 112.0 84.0 of
13044.0 9696.0 396.0 108.0 $40000
13508.0 9704.0 164.0 84.0 for
13740.0 9700.0 176.0 84.0 the
13984.0 9700.0 724.0 88.0 construction
14776.0 9700.0 136.0 84.0 of.

12572.0 9840.0 260.0 92.0 good
12896.0 9836.0 344.0 84.0 roads.
13364.0 9836.0 216.0 88.0 The
13648.0 9836.0 576.0 88.0 resolution
14292.0 9844.0 256.0 80.0 fixes
14608.0 9836.0 272.0 88.0 June

12572.0 9972.0 140.0 100.0 20,
12780.0 9972.0 268.0 112.0 1916,
13108.0 9996.0 116.0 60.0 as
13284.0 9972.0 184.0 88.0 the
13524.0 9976.0 244.0 84.0 date
13832.0 9976.0 164.0 84.0 for
14052.0 9976.0 176.0 84.0 the
14284.0 9976.0 276.0 84.0 bond
14624.0 9980.0 220.0 84.0 elec-

12572.0 10108.0 244.0 88.0 tion.
12696.0 10260.0 304.0 88.0 From
13084.0 10260.0 448.0 104.0 injuries
13612.0 10264.0 548.0 88.0 sustained
14300.0 10288.0 260.0 64.0 near
14696.0 10264.0 184.0 92.0 the

12572.0 10400.0 624.0 88.0 Harrisville
13260.0 10404.0 592.0 100.0 brickyard,
13912.0 10408.0 304.0 84.0 Mark
14276.0 10404.0 312.0 84.0 Peter
14648.0 10404.0 196.0 88.0 Jen-

12568.0 10560.0 216.0 80.0 sen,
12860.0 10540.0 264.0 100.0 aged
13200.0 10540.0 116.0 84.0 10
13388.0 10564.0 344.0 80.0 years,
13812.0 10540.0 232.0 88.0 died
14124.0 10544.0 100.0 84.0 in
14300.0 10564.0 132.0 64.0 an
14512.0 10544.0 368.0 100.0 Ogden

12572.0 10676.0 484.0 100.0 hospital.
13184.0 10680.0 224.0 84.0 The
13476.0 10676.0 200.0 104.0 boy
13744.0 10680.0 184.0 84.0 fell
13988.0 10680.0 456.0 88.0 beneath
14512.0 10704.0 64.0 64.0 a
14640.0 10684.0 240.0 100.0 clay

12568.0 10836.0 180.0 64.0 car
12832.0 10824.0 108.0 80.0 at
13024.0 10816.0 184.0 88.0 the
13292.0 10820.0 608.0 100.0 company's
13988.0 10820.0 288.0 104.0 plant
14364.0 10824.0 204.0 84.0 and
14664.0 10844.0 176.0 64.0 sus-

12572.0 10956.0 352.0 84.0 tained
13000.0 10980.0 64.0 64.0 a
13132.0 10960.0 456.0 84.0 crushed
13668.0 10956.0 172.0 104.0 hip
13924.0 10964.0 200.0 84.0 and
14200.0 10964.0 456.0 88.0 internal
14740.0 10960.0 100.0 84.0 in-

12572.0 11080.0 352.0 108.0 juries'.
12968.0 11100.0 16.0 12.0 '
13224.0 11156.0 44.0 32.0 .,
13688.0 11176.0 72.0 20.0 ...
14124.0 11152.0 120.0 36.0 ....
14340.0 11152.0 276.0 44.0 .......
14676.0 11164.0 80.0 60.0 ,;j

12692.0 11244.0 220.0 88.0 The
12976.0 11244.0 416.0 104.0 Oregon
13464.0 11240.0 316.0 96.0 Short
13840.0 11248.0 260.0 88.0 Line
14156.0 11252.0 456.0 96.0 railroad
14680.0 11252.0 192.0 84.0 has

12568.0 11388.0 616.0 96.0 recognized
13336.0 11388.0 180.0 84.0 the
13668.0 11388.0 340.0 88.0 Order
14144.0 11392.0 116.0 80.0 of
14404.0 11392.0 476.0 96.0 Railway

12572.0 11520.0 768.0 104.0 Telegraphers
13456.0 11528.0 204.0 84.0 and
13780.0 11524.0 180.0 88.0 the
14072.0 11532.0 548.0 96.0 operators
14736.0 11548.0 140.0 64.0 on

12568.0 11656.0 176.0 88.0 the
12808.0 11664.0 252.0 84.0 road
13124.0 11664.0 212.0 84.0 will
13396.0 11660.0 132.0 88.0 be
13596.0 11664.0 564.0 100.0 permitted
14228.0 11672.0 108.0 76.0 to
14404.0 11664.0 220.0 100.0 join
14692.0 11664.0 184.0 88.0 the

12568.0 11796.0 348.0 104.0 union,
12992.0 11796.0 340.0 88.0 which
13408.0 11800.0 212.0 84.0 will
13696.0 11804.0 308.0 84.0 make
14076.0 11804.0 180.0 84.0 the
14336.0 11804.0 232.0 84.0 fifth
14644.0 11804.0 196.0 84.0 rail-

12568.0 11940.0 248.0 84.0 road
12928.0 11936.0 704.0 88.0 brotherhood
13732.0 11960.0 240.0 64.0 now
14076.0 11940.0 552.0 100.0 organized
14736.0 11964.0 136.0 64.0 on

12568.0 12072.0 208.0 88.0 this
12860.0 12076.0 280.0 84.0 road.

12688.0 12228.0 480.0 88.0 Another
13252.0 12228.0 376.0 88.0 Rafael
13724.0 12228.0 340.0 104.0 Lopez
14160.0 12232.0 428.0 100.0 suspect
14680.0 12232.0 196.0 84.0 has

12564.0 12364.0 264.0 88.0 been
12896.0 12368.0 480.0 88.0 arrested
13444.0 12372.0 112.0 84.0 at
13616.0 12368.0 324.0 100.0 Atlin,
14012.0 12368.0 392.0 84.0 British
14468.0 12368.0 372.0 84.0 Colum-

12564.0 12504.0 196.0 100.0 bia,
12824.0 12504.0 144.0 100.0 hy
13036.0 12508.0 184.0 84.0 the
13292.0 12504.0 332.0 104.0 Royal
13696.0 12504.0 608.0 88.0 Northwest
14372.0 12508.0 500.0 84.0 mounted

12568.0 12640.0 364.0 104.0 police,
13012.0 12644.0 204.0 84.0 and
13304.0 12644.0 88.0 84.0 is
13476.0 12644.0 316.0 100.0 being
13876.0 12644.0 236.0 88.0 held
14196.0 12644.0 460.0 100.0 pending
14732.0 12644.0 108.0 84.0 in-

12564.0 12780.0 700.0 100.0 vestigations
13348.0 12780.0 316.0 104.0 being
13744.0 12784.0 300.0 84.0 made
14128.0 12780.0 128.0 100.0 by
14340.0 12780.0 184.0 88.0 the
14600.0 12780.0 272.0 84.0 local

12564.0 12920.0 448.0 84.0 officials
13068.0 12920.0 300.0 84.0 there
13432.0 12924.0 204.0 84.0 and
13704.0 12920.0 384.0 88.0 Sheriff
14144.0 12916.0 272.0 88.0 John
14480.0 12920.0 96.0 88.0 S.
14640.0 12920.0 204.0 88.0 Cor-

12564.0 13056.0 212.0 88.0 less
12848.0 13060.0 112.0 88.0 of
13036.0 13056.0 224.0 88.0 Salt
13336.0 13060.0 284.0 80.0 Lake
13688.0 13048.0 644.0 116.0 courityr-..
14572.0 13100.0 184.0 36.0 ----
15208.0 13116.0 80.0 72.0 M

12684.0 13208.0 404.0 88.0 Roland
13160.0 13208.0 416.0 88.0 Seibold
13640.0 13216.0 200.0 84.0 and
13908.0 13212.0 436.0 88.0 Charles
14404.0 13212.0 468.0 104.0 Weston,

12564.0 13348.0 256.0 88.0 each
12880.0 13352.0 264.0 96.0 aged
13204.0 13352.0 112.0 88.0 17
13376.0 13372.0 340.0 76.0 years,
13772.0 13368.0 184.0 68.0 are
14012.0 13352.0 104.0 80.0 in
14172.0 13348.0 180.0 88.0 the
14404.0 13348.0 468.0 104.0 juvenile

12560.0 13492.0 484.0 92.0 quarters
13120.0 13492.0 112.0 84.0 of
13300.0 13488.0 176.0 88.0 the
13544.0 13488.0 224.0 100.0 city
13904.0 13484.0 188.0 100.0 jail
14228.0 13492.0 108.0 84.0 at
14476.0 13488.0 396.0 100.0 Ogden,

12560.0 13624.0 452.0 100.0 charged
13084.0 13628.0 252.0 84.0 with
13408.0 13628.0 392.0 100.0 having
13868.0 13628.0 340.0 84.0 stolen
14284.0 13624.0 176.0 100.0 $26
14528.0 13628.0 344.0 84.0 worth

12556.0 13772.0 108.0 84.0 of
12728.0 13760.0 472.0 104.0 clothing
13264.0 13764.0 272.0 84.0 from
13600.0 13764.0 396.0 84.0 Leland
14068.0 13768.0 328.0 96.0 Parry
14460.0 13768.0 112.0 80.0 of
14632.0 13768.0 204.0 84.0 Wil-

12560.0 13900.0 248.0 96.0 lard,
12864.0 13900.0 212.0 88.0 Box
13128.0 13900.0 320.0 88.0 Elder
13496.0 13908.0 416.0 96.0 county,
13964.0 13904.0 228.0 84.0 who
14248.0 13904.0 392.0 100.0 bought
14692.0 13904.0 180.0 88.0 the

12556.0 14044.0 300.0 80.0 outfit
12928.0 14040.0 172.0 88.0 for
13180.0 14040.0 160.0 88.0 his
13416.0 14044.0 640.0 100.0 graduation
14124.0 14044.0 228.0 100.0 day.

12680.0 14188.0 384.0 92.0 Idellus
13144.0 14196.0 132.0 84.0 M.
13356.0 14196.0 252.0 100.0 Dye,
13688.0 14196.0 228.0 84.0 who
13996.0 14220.0 220.0 60.0 was
14288.0 14192.0 580.0 92.0 sentenced

12556.0 14332.0 100.0 84.0 to
12744.0 14332.0 184.0 84.0 life
13024.0 14332.0 812.0 100.0 imprisonment
13928.0 14336.0 164.0 84.0 for
14172.0 14336.0 180.0 84.0 the
14440.0 14336.0 428.0 84.0 murder

12552.0 14476.0 108.0 84.0 of
12704.0 14468.0 396.0 100.0 Joseph
13156.0 14472.0 504.0 84.0 Rainbow
13712.0 14472.0 108.0 88.0 of
13876.0 14472.0 344.0 88.0 Provo
14272.0 14472.0 236.0 88.0 four
14556.0 14496.0 312.0 80.0 years

12552.0 14624.0 220.0 84.0 ago,
12848.0 14608.0 212.0 80.0 win
13136.0 14612.0 204.0 80.0 aslf
13400.0 14616.0 112.0 80.0 to
13584.0 14608.0 124.0 88.0 be
13780.0 14612.0 480.0 84.0 released
14336.0 14612.0 272.0 84.0 from
14680.0 14612.0 188.0 84.0 the

12548.0 14748.0 276.0 84.0 state
12876.0 14748.0 356.0 96.0 prison
13288.0 14752.0 104.0 80.0 at
13444.0 14744.0 180.0 88.0 the
13676.0 14748.0 472.0 104.0 meeting
14188.0 14748.0 112.0 84.0 of
14348.0 14752.0 176.0 84.0 the
14584.0 14752.0 280.0 84.0 state

12552.0 14884.0 316.0 84.0 board
12956.0 14884.0 112.0 84.0 of
13148.0 14884.0 460.0 100.0 pardons
13696.0 14908.0 132.0 64.0 on
13920.0 14888.0 244.0 100.0 May
14252.0 14892.0 144.0 84.0 20.
14552.0 14888.0 312.0 88.0 Since

12548.0 15016.0 164.0 88.0 his
12776.0 15028.0 504.0 80.0 sentence
13340.0 15024.0 132.0 84.0 he
13532.0 15024.0 188.0 84.0 has
13784.0 15024.0 652.0 88.0 maintained
14496.0 15024.0 164.0 84.0 L'is
14724.0 15028.0 104.0 84.0 in-

12548.0 15180.0 56.0 64.0 a
12740.0 15180.0 420.0 64.0 ocence.

12668.0 15312.0 144.0 88.0 As
12904.0 15312.0 180.0 88.0 the
13172.0 15316.0 336.0 88.0 result
13596.0 15316.0 112.0 84.0 of
13792.0 15340.0 64.0 64.0 a
13936.0 15316.0 396.0 88.0 'bazaar
14420.0 15320.0 240.0 84.0 held
14748.0 15324.0 112.0 84.0 at

12548.0 15448.0 224.0 88.0 Salt
12844.0 15452.0 284.0 88.0 Lake
13204.0 15452.0 180.0 88.0 the
13452.0 15452.0 544.0 88.0 Catholics
14064.0 15464.0 116.0 84.0 of
14252.0 15460.0 140.0 84.0 St.
14472.0 15460.0 388.0 100.0 Mary's

12544.0 15588.0 544.0 88.0 cathedral
13160.0 15596.0 364.0 96.0 parish
13604.0 15592.0 380.0 104.0 raised,
14064.0 15596.0 88.0 84.0 it
14224.0 15596.0 88.0 84.0 is
14396.0 15596.0 432.0 88.0 estimat-

12544.0 15728.0 156.0 100.0 ed,
12780.0 15724.0 396.0 104.0 $15,000
13252.0 15752.0 120.0 64.0 as
13448.0 15732.0 180.0 84.0 the
13704.0 15736.0 440.0 80.0 nucleus
14220.0 15736.0 164.0 84.0 for
14460.0 15760.0 64.0 60.0 a
14600.0 15736.0 264.0 88.0 fund

12548.0 15868.0 156.0 80.0 Cor
12784.0 15868.0 540.0 100.0 parochial
13404.0 15872.0 392.0 96.0 school,
13880.0 15872.0 340.0 84.0 which
14368.0 15876.0 176.0 84.0 the
14692.0 15876.0 164.0 84.0 Rt.

12548.0 16004.0 240.0 88.0 Rev.
12888.0 16004.0 392.0 100.0 Joseph
13384.0 16008.0 96.0 84.0 S.
13572.0 16004.0 348.0 108.0 Glass,
14020.0 16008.0 104.0 92.0 C.
14232.0 16012.0 164.0 100.0 M.,
14496.0 16012.0 116.0 88.0 D.
14704.0 16012.0 148.0 96.0 D.,

12548.0 16140.0 364.0 104.0 bishop
12996.0 16148.0 108.0 84.0 of
13188.0 16144.0 176.0 84.0 the
13448.0 16144.0 452.0 108.0 diocese,
13984.0 16152.0 304.0 100.0 plans
14372.0 16156.0 112.0 80.0 to
14564.0 16156.0 292.0 80.0 erect

12544.0 16280.0 96.0 84.0 in
12708.0 16280.0 176.0 88.0 the
12944.0 16304.0 256.0 64.0 near
13260.0 16288.0 384.0 84.0 future.

12656.0 16432.0 372.0 88.0 Power
13088.0 16440.0 112.0 84.0 of
13268.0 16440.0 616.0 96.0 suggestion
13952.0 16464.0 276.0 76.0 upon
14292.0 16464.0 136.0 64.0 an
14496.0 16444.0 324.0 84.0 abnor-

12544.0 16572.0 196.0 84.0 mal
12824.0 16576.0 292.0 84.0 mind
13204.0 16576.0 88.0 84.0 is
13376.0 16576.0 452.0 100.0 thought
13916.0 16584.0 104.0 84.0 to
14108.0 16584.0 268.0 84.0 have
14460.0 16584.0 392.0 84.0 caused

12540.0 16712.0 180.0 84.0 the
12800.0 16708.0 492.0 108.0 shooting
13372.0 16720.0 112.0 84.0 of
13568.0 16712.0 364.0 88.0 Calvin
14020.0 16716.0 100.0 88.0 C.
14212.0 16720.0 496.0 100.0 Harnish,
14792.0 16744.0 60.0 64.0 a

12540.0 16852.0 528.0 88.0 Southern,
13144.0 16852.0 388.0 88.0 Pacific
13608.0 16856.0 368.0 100.0 helper
14052.0 16864.0 108.0 80.0 at
14244.0 16860.0 392.0 100.0 Ogden,
14720.0 16860.0 132.0 100.0 by

12540.0 16988.0 388.0 100.0 Joseph
13000.0 16992.0 344.0 100.0 Stahr,
13412.0 17016.0 60.0 60.0 a
13540.0 16992.0 528.0 88.0 Southern
14140.0 16996.0 384.0 84.0 Pacific
14592.0 17000.0 228.0 84.0 fore-

12540.0 17144.0 264.0 68.0 man.
12952.0 17128.0 316.0 88.0 Stahr
13344.0 17136.0 260.0 84.0 fired
13680.0 17132.0 204.0 88.0 five
13960.0 17136.0 296.0 84.0 shots
14336.0 17148.0 116.0 76.0 at
14520.0 17136.0 292.0 88.0 Harn-

12540.0 17264.0 184.0 100.0 ish,
12800.0 17288.0 196.0 64.0 one
13068.0 17268.0 112.0 84.0 of
13248.0 17268.0 348.0 88.0 which
13660.0 17272.0 256.0 84.0 took
13984.0 17272.0 348.0 104.0 effect,
14408.0 17276.0 412.0 84.0 shatter-

12540.0 17404.0 164.0 104.0 ing
12784.0 17404.0 556.0 88.0 Harnish's
13416.0 17408.0 284.0 100.0 right
13772.0 17432.0 252.0 64.0 arm.

12664.0 17556.0 556.0 88.0 President
13284.0 17560.0 392.0 100.0 Joseph
13748.0 17564.0 104.0 84.0 F.
13924.0 17564.0 336.0 88.0 Smith
14328.0 17568.0 200.0 84.0 and
14604.0 17568.0 244.0 88.0 Mrs.

12540.0 17696.0 348.0 84.0 Julina
12956.0 17696.0 456.0 88.0 Lamson
13488.0 17700.0 340.0 84.0 Smith
13900.0 17704.0 600.0 84.0 celebrated
14572.0 17708.0 284.0 84.0 their

12536.0 17836.0 368.0 100.0 golden
12964.0 17840.0 484.0 100.0 wedding
13496.0 17840.0 696.0 104.0 anniversary
14244.0 17852.0 108.0 76.0 at
14404.0 17848.0 180.0 84.0 the
14640.0 17848.0 216.0 84.0 Bee

12544.0 17976.0 256.0 84.0 Hive
12872.0 17976.0 360.0 100.0 house,
13308.0 17976.0 224.0 88.0 Salt
13604.0 17976.0 312.0 104.0 Lake,
13992.0 17984.0 240.0 96.0 May
14292.0 17984.0 92.0 96.0 5,
14464.0 17984.0 244.0 84.0 with
14788.0 18008.0 64.0 64.0 a

12540.0 18116.0 560.0 108.0 reception,
13240.0 18112.0 340.0 92.0 which
13716.0 18140.0 220.0 60.0 was
14072.0 18124.0 504.0 84.0 attended
14716.0 18124.0 136.0 100.0 by

12540.0 18268.0 276.0 68.0 more
12896.0 18252.0 256.0 84.0 than
13232.0 18252.0 176.0 84.0 200
13484.0 18256.0 848.0 96.0 representative
14408.0 18260.0 440.0 84.0 citizens

12540.0 18392.0 96.0 84.0 of
12796.0 18392.0 312.0 100.0 Utah,
13268.0 18392.0 536.0 104.0 including
13960.0 18396.0 624.0 100.0 dignitaries
14736.0 18400.0 116.0 84.0 of

12544.0 18528.0 376.0 88.0 church
13012.0 18532.0 204.0 84.0 and
13308.0 18540.0 284.0 80.0 state
13676.0 18536.0 708.0 96.0 prominence.

12656.0 18684.0 220.0 84.0 The
12952.0 18680.0 624.0 104.0 University
13648.0 18684.0 112.0 84.0 of
13872.0 18688.0 516.0 84.0 Colorado
14504.0 18688.0 312.0 88.0 debat-

12540.0 18824.0 168.0 96.0 ing
12800.0 18828.0 312.0 92.0 team,
13204.0 18824.0 580.0 100.0 upholding
13868.0 18828.0 180.0 80.0 the
14200.0 18828.0 652.0 84.0 affirmative

12540.0 18960.0 212.0 84.0 side
12828.0 18972.0 112.0 80.0 of
13016.0 18960.0 176.0 84.0 the
13276.0 18960.0 516.0 104.0 question,
13880.0 18960.0 612.0 108.0 "Resolved,
14572.0 18964.0 276.0 88.0 That

12536.0 19100.0 168.0 84.0 the
12780.0 19096.0 388.0 92.0 United
13252.0 19100.0 356.0 84.0 States
13680.0 19104.0 372.0 80.0 should
14132.0 19108.0 184.0 96.0 put
14392.0 19104.0 216.0 88.0 into
14684.0 19128.0 128.0 76.0 op-

12540.0 19240.0 404.0 84.0 eration
13036.0 19260.0 60.0 60.0 a
13196.0 19240.0 444.0 100.0 literacy
13732.0 19244.0 216.0 84.0 test
14040.0 19244.0 168.0 80.0 for
14292.0 19244.0 148.0 84.0 all
14536.0 19244.0 280.0 84.0 Euro-

12540.0 19396.0 256.0 80.0 pean
12868.0 19376.0 812.0 100.0 immigration,"
13756.0 19396.0 228.0 68.0 won
14056.0 19400.0 64.0 64.0 a
14188.0 19384.0 204.0 84.0 two
14468.0 19388.0 104.0 80.0 to
14644.0 19400.0 204.0 64.0 one

12540.0 19512.0 456.0 88.0 decision
13080.0 19520.0 112.0 84.0 of
13272.0 19512.0 180.0 88.0 the
13536.0 19512.0 376.0 104.0 judges
14000.0 19516.0 104.0 84.0 in
14192.0 19516.0 180.0 88.0 the
14456.0 19520.0 388.0 84.0 annual

12536.0 19652.0 368.0 84.0 lebate
13048.0 19652.0 236.0 88.0 held
13368.0 19656.0 112.0 84.0 at
13624.0 19652.0 480.0 108.0 Boulder,
14188.0 19656.0 316.0 104.0 Colo.,
14588.0 19656.0 256.0 88.0 with

12536.0 19792.0 168.0 84.0 the
12768.0 19788.0 616.0 104.0 University
13440.0 19792.0 112.0 88.0 of
13612.0 19792.0 316.0 88.0 Utah.

12648.0 19976.0 836.0 100.0 Arrangements
13564.0 20000.0 180.0 64.0 are
13828.0 19980.0 592.0 100.0 completed
14504.0 19980.0 136.0 100.0 by
14780.0 20004.0 64.0 64.0 a

12556.0 20112.0 412.0 88.0 lumber
13052.0 20116.0 112.0 84.0 of
13252.0 20116.0 424.0 100.0 leading
13764.0 20116.0 276.0 88.0 Utah
14136.0 20124.0 676.0 84.0 manufactur-

12564.0 20276.0 140.0 80.0 ng
12764.0 20276.0 512.0 68.0 concerns
13344.0 20264.0 164.0 84.0 for
13560.0 20256.0 184.0 88.0 the
13808.0 20260.0 376.0 84.0 formal
14256.0 20260.0 552.0 100.0 Incorpora-

12536.0 20392.0 204.0 88.0 tion
12808.0 20396.0 108.0 84.0 of
12984.0 20416.0 64.0 64.0 a
13112.0 20392.0 456.0 100.0 $2-50,000
13636.0 20416.0 516.0 84.0 company
14220.0 20396.0 340.0 88.0 which
14628.0 20400.0 212.0 84.0 will

12536.0 20532.0 724.0 84.0 manufacture
13348.0 20536.0 624.0 100.0 practically
14060.0 20536.0 136.0 84.0 all
14284.0 20536.0 180.0 88.0 the
14612.0 20536.0 232.0 100.0 Jute

12540.0 20672.0 180.0 84.0 ind
12800.0 20680.0 364.0 76.0 cotton
13248.0 20672.0 256.0 100.0 bags
13580.0 20672.0 484.0 100.0 required
14144.0 20676.0 164.0 80.0 for
14380.0 20676.0 424.0 84.0 contain-

12540.0 20832.0 156.0 64.0 ers
12756.0 20812.0 104.0 84.0 of
12924.0 20812.0 496.0 100.0 products
13484.0 20812.0 108.0 88.0 of
13648.0 20812.0 280.0 84.0 Utah
13988.0 20812.0 608.0 88.0 industries.

12652.0 20976.0 360.0 88.0 James
13072.0 20980.0 388.0 100.0 Lynch,
13516.0 20980.0 232.0 84.0 who
13808.0 21000.0 132.0 64.0 on
14004.0 20980.0 472.0 104.0 January
14532.0 20984.0 44.0 84.0 1
14624.0 21004.0 220.0 64.0 was

12536.0 21116.0 412.0 100.0 paroled
13040.0 21116.0 260.0 88.0 from
13384.0 21116.0 180.0 88.0 the
13652.0 21116.0 280.0 88.0 Utah
14016.0 21124.0 280.0 80.0 state
14380.0 21120.0 424.0 100.0 peniten-

12536.0 21256.0 260.0 100.0 tiary
12872.0 21256.0 280.0 84.0 after
13284.0 21256.0 388.0 104.0 having
13812.0 21256.0 372.0 88.0 served
14260.0 21264.0 576.0 80.0 seventeen

12536.0 21416.0 296.0 64.0 years
12924.0 21396.0 168.0 84.0 for
13236.0 21396.0 184.0 88.0 the
13572.0 21396.0 432.0 84.0 murder
14148.0 21400.0 112.0 84.0 of
14408.0 21396.0 432.0 88.0 Colonel

12536.0 21532.0 388.0 100.0 Jeorge
12992.0 21536.0 420.0 84.0 Prowse
13480.0 21532.0 100.0 88.0 in
13652.0 21532.0 268.0 100.0 1S99,
13984.0 21536.0 224.0 96.0 has,
14280.0 21536.0 100.0 84.0 In
14448.0 21532.0 180.0 88.0 the
14688.0 21556.0 116.0 64.0 es-

12532.0 21672.0 476.0 84.0 ;imation
13084.0 21672.0 112.0 88.0 of
13268.0 21668.0 176.0 88.0 the
13520.0 21668.0 368.0 112.0 police,
13964.0 21668.0 396.0 88.0 broken
14440.0 21668.0 160.0 88.0 his
14676.0 21692.0 128.0 84.0 pa-

12536.0 21812.0 204.0 88.0 role
12840.0 21808.0 200.0 88.0 and
13144.0 21808.0 84.0 84.0 Is
13328.0 21808.0 440.0 100.0 thereby
13860.0 21832.0 68.0 64.0 a
14020.0 21808.0 444.0 104.0 fugitive
14564.0 21808.0 280.0 92.0 from

12536.0 21948.0 396.0 92.0 lustlce.
