15576 23088
1524.0 940.0 648.0 132.0 :sss
6060.0 904.0 704.0 128.0 BEAVER
6836.0 908.0 716.0 128.0 COUNTY
7628.0 912.0 536.0 136.0 NEWS,
8240.0 912.0 840.0 140.0 MILFORD,
9152.0 912.0 488.0 128.0 UTAH

3108.0 2260.0 244.0 88.0 .jay
3424.0 2240.0 120.0 88.0 at
3612.0 2228.0 480.0 116.0 Milord,
4172.0 2228.0 292.0 100.0 Utah

2364.0 2604.0 120.0 96.0 R.
2564.0 2608.0 104.0 92.0 S.
2752.0 2600.0 620.0 116.0 RAMSEY,
3456.0 2604.0 540.0 112.0 Manager

2280.0 3000.0 472.0 100.0 TERMS
2824.0 3000.0 180.0 96.0 OF
3072.0 3000.0 1044.0 100.0 SUBSCRIPTION

812.0 3240.0 224.0 96.0 One
1092.0 3236.0 288.0 96.0 Year
1668.0 3284.0 36.0 20.0 -
2008.0 3276.0 40.0 28.0 -
2356.0 3272.0 36.0 20.0 -
2676.0 3216.0 284.0 112.0 $2.00
3320.0 3216.0 352.0 92.0 Three
3740.0 3216.0 432.0 96.0 months
5372.0 3224.0 176.0 88.0 60c

808.0 3392.0 180.0 92.0 Sii
1064.0 3388.0 436.0 92.0 Mentha
1844.0 3432.0 28.0 16.0 -
2188.0 3428.0 36.0 20.0 -
2516.0 3420.0 36.0 24.0 -
2676.0 3372.0 284.0 116.0 fl-00
3132.0 3376.0 16.0 96.0 I
3324.0 3368.0 160.0 96.0 On
3628.0 3368.0 376.0 92.0 Month
4256.0 3420.0 36.0 24.0 -
4584.0 3420.0 36.0 20.0 -
4908.0 3424.0 36.0 16.0 -
5368.0 3372.0 184.0 92.0 26c

2024.0 3596.0 164.0 96.0 All
2260.0 3592.0 780.0 112.0 subscriptions
3112.0 3584.0 468.0 116.0 payable
3648.0 3584.0 104.0 92.0 in
3828.0 3580.0 512.0 104.0 advance.

2092.0 3988.0 696.0 116.0 Advertiting
2860.0 3984.0 328.0 96.0 Rates
3256.0 4008.0 280.0 92.0 upon
3604.0 3984.0 684.0 120.0 Application

1128.0 4404.0 472.0 100.0 Entered
1676.0 4408.0 112.0 92.0 at
1852.0 4400.0 184.0 96.0 the
2108.0 4400.0 260.0 92.0 PoBt
2432.0 4388.0 328.0 100.0 Office
2828.0 4400.0 124.0 80.0 at
3016.0 4384.0 436.0 96.0 Milford
3524.0 4416.0 116.0 64.0 as
3708.0 4388.0 388.0 100.0 second
4168.0 4396.0 272.0 92.0 class
4508.0 4392.0 260.0 96.0 mail
4836.0 4404.0 412.0 84.0 matter

4.0 4988.0 64.0 44.0 x
1160.0 4920.0 308.0 100.0 Hare
1560.0 4948.0 228.0 96.0 you
1876.0 4924.0 256.0 116.0 paid
2220.0 4944.0 272.0 96.0 your
2580.0 4916.0 584.0 120.0 municipal
3268.0 4920.0 636.0 92.0 water-rent
4000.0 4908.0 272.0 120.0 yet?

1160.0 5384.0 108.0 96.0 H
1360.0 5380.0 92.0 100.0 is
1552.0 5404.0 248.0 76.0 now
1888.0 5384.0 600.0 96.0 hizzonner
2592.0 5376.0 560.0 116.0 "Judge"
3256.0 5372.0 496.0 112.0 Adcock,
3864.0 5372.0 84.0 92.0 if
4044.0 5396.0 216.0 92.0 you
4352.0 5368.0 404.0 120.0 pleas.

1160.0 5840.0 276.0 120.0 Why
1532.0 5852.0 196.0 84.0 not
1820.0 5852.0 196.0 108.0 put
2120.0 5840.0 196.0 108.0 the
2424.0 5840.0 272.0 92.0 hobo
2808.0 5836.0 320.0 92.0 chain
3264.0 5860.0 212.0 88.0 arf
3592.0 5844.0 112.0 84.0 to
3816.0 5828.0 292.0 96.0 work
4220.0 5828.0 508.0 116.0 cleaning
4840.0 5832.0 188.0 88.0 the
5140.0 5836.0 400.0 84.0 streets

796.0 6000.0 212.0 100.0 and
1104.0 6000.0 336.0 112.0 alleys
1480.0 5996.0 48.0 96.0 ?

1156.0 6456.0 100.0 92.0 If
1352.0 6456.0 184.0 92.0 the
1624.0 6452.0 416.0 96.0 NEWS
2136.0 6452.0 216.0 96.0 will
2444.0 6452.0 264.0 92.0 take
2824.0 6452.0 188.0 88.0 the
3124.0 6448.0 244.0 92.0 lead
3500.0 6444.0 100.0 92.0 in
3732.0 6444.0 800.0 112.0 inaugurating
4624.0 6468.0 64.0 64.0 a
4792.0 6432.0 744.0 116.0 "Clean-up'1

792.0 6612.0 276.0 116.0 Day,
1184.0 6612.0 244.0 88.0 how
1528.0 6632.0 328.0 92.0 many
1952.0 6608.0 116.0 88.0 of
2160.0 6612.0 192.0 84.0 the
2448.0 6600.0 460.0 96.0 citizens
3008.0 6596.0 208.0 100.0 will
3284.0 6596.0 716.0 120.0 co-operate?
4136.0 6596.0 200.0 92.0 Let
4404.0 6620.0 120.0 64.0 us
4592.0 6596.0 268.0 88.0 hear
4928.0 6596.0 280.0 84.0 from
5280.0 6616.0 252.0 92.0 you.

1148.0 7032.0 108.0 96.0 If
1352.0 7036.0 184.0 92.0 the
1636.0 7032.0 320.0 120.0 plans
2052.0 7028.0 128.0 96.0 of
2268.0 7032.0 184.0 92.0 the
2544.0 7028.0 192.0 92.0 fire
2828.0 7028.0 700.0 116.0 department
3616.0 7020.0 720.0 112.0 materialize,
4412.0 7044.0 152.0 64.0 we
4636.0 7044.0 256.0 92.0 may
4968.0 7020.0 396.0 112.0 expect
5432.0 7024.0 112.0 84.0 to

792.0 7192.0 132.0 88.0 be
1020.0 7184.0 596.0 96.0 awakened
1768.0 7212.0 244.0 64.0 ome
2104.0 7184.0 216.0 88.0 fine
2412.0 7176.0 504.0 116.0 muruing
3012.0 7176.0 336.0 92.0 about
3436.0 7184.0 60.0 84.0 3
3588.0 7172.0 448.0 100.0 o'clock,
4124.0 7180.0 128.0 108.0 tiy
4352.0 7200.0 64.0 64.0 a
4504.0 7172.0 312.0 88.0 uoine
4888.0 7168.0 656.0 112.0 resembling

796.0 7368.0 56.0 64.0 a
940.0 7364.0 308.0 68.0 cross
1372.0 7340.0 500.0 88.0 between
1976.0 7360.0 60.0 64.0 a
2128.0 7332.0 340.0 96.0 boiler
2596.0 7332.0 436.0 116.0 factory
3140.0 7328.0 216.0 92.0 and
3456.0 7356.0 60.0 60.0 a
3612.0 7328.0 636.0 92.0 steainbuai
4352.0 7328.0 104.0 84.0 in
4572.0 7320.0 496.0 112.0 distress,
5192.0 7348.0 124.0 64.0 so
5412.0 7344.0 132.0 68.0 uo

788.0 7508.0 204.0 76.0 not
1080.0 7492.0 132.0 92.0 be
1312.0 7484.0 520.0 112.0 alarmed,
1940.0 7488.0 380.0 116.0 gentle
2420.0 7488.0 424.0 88.0 reader.

1148.0 7916.0 232.0 92.0 Tax
1480.0 7916.0 664.0 88.0 statements
2244.0 7936.0 188.0 64.0 are
2532.0 7912.0 328.0 112.0 being
2968.0 7908.0 512.0 92.0 received
3596.0 7904.0 128.0 116.0 by
3832.0 7912.0 400.0 108.0 county
4348.0 7904.0 608.0 112.0 residents-,
5092.0 7896.0 80.0 96.0 if
5284.0 7928.0 260.0 88.0 your

796.0 8068.0 560.0 96.0 valuation
1452.0 8092.0 260.0 68.0 cioei
1808.0 8084.0 204.0 76.0 not
2108.0 8072.0 224.0 80.0 suit
2416.0 8088.0 248.0 88.0 you,
2768.0 8060.0 128.0 92.0 do
2992.0 8088.0 200.0 64.0 uut
3288.0 8056.0 196.0 92.0 fail
3600.0 8084.0 112.0 64.0 lo
3824.0 8084.0 400.0 88.0 appear
4344.0 8060.0 304.0 88.0 beiur
4832.0 8068.0 180.0 80.0 tlie
5112.0 8064.0 356.0 84.0 Count

796.0 8224.0 364.0 92.0 Board
1256.0 8224.0 108.0 88.0 of
1464.0 8216.0 772.0 120.0 Equalization
2332.0 8220.0 208.0 88.0 and
2636.0 8220.0 296.0 84.0 state
3040.0 8240.0 280.0 88.0 your
3424.0 8208.0 632.0 120.0 objecuona.
4252.0 8208.0 288.0 92.0 Date
4636.0 8212.0 112.0 88.0 of
4864.0 8236.0 480.0 80.0 lueeoinn
5440.0 8232.0 92.0 64.0 oi

792.0 8376.0 224.0 96.0 tbie
1116.0 8368.0 276.0 124.0 body
1488.0 8368.0 88.0 96.0 is
1672.0 8368.0 248.0 120.0 May
2028.0 8364.0 276.0 96.0 15th.

1156.0 8800.0 400.0 116.0 Riding
1652.0 8828.0 140.0 64.0 on
1892.0 8804.0 188.0 88.0 the
2176.0 8820.0 652.0 92.0 pavements
2896.0 8800.0 208.0 88.0 and
3200.0 8792.0 576.0 92.0 sidewalks
3844.0 8820.0 128.0 64.0 on
4048.0 8792.0 480.0 116.0 bicycles
4596.0 8796.0 88.0 84.0 is
4756.0 8820.0 120.0 64.0 as
4944.0 8792.0 544.0 116.0 dangei'iu

800.0 8972.0 112.0 84.0 to
1008.0 8956.0 700.0 120.0 peduatrians
1804.0 8980.0 112.0 64.0 as
2020.0 8956.0 88.0 88.0 it
2200.0 8948.0 88.0 92.0 is
2388.0 8972.0 748.0 92.0 unnecessary
3236.0 8976.0 140.0 60.0 on
3448.0 8956.0 184.0 80.0 the
3704.0 8960.0 256.0 104.0 part
4020.0 8960.0 112.0 76.0 ot
4208.0 8968.0 180.0 68.0 tne
4456.0 8944.0 320.0 92.0 rider,
4912.0 8944.0 228.0 92.0 'lne
5208.0 8964.0 344.0 72.0 street

792.0 9116.0 92.0 88.0 id
984.0 9124.0 188.0 80.0 the
1272.0 9112.0 308.0 108.0 place
1680.0 9108.0 164.0 88.0 for
1944.0 9100.0 176.0 96.0 the
2216.0 9100.0 448.0 116.0 bicycle.

1156.0 9568.0 264.0 96.0 This
1512.0 9592.0 340.0 92.0 paper
1940.0 9564.0 96.0 92.0 it
2124.0 9560.0 436.0 120.0 rapidly
2664.0 9560.0 636.0 112.0 increasing
3404.0 9560.0 144.0 88.0 its
3660.0 9552.0 696.0 116.0 circulation;
4492.0 9556.0 96.0 92.0 it
4676.0 9556.0 92.0 92.0 is
4864.0 9556.0 456.0 116.0 making
5420.0 9588.0 128.0 64.0 an

800.0 9716.0 328.0 104.0 effort
1220.0 9736.0 112.0 80.0 to
1424.0 9720.0 480.0 116.0 Improve
2000.0 9708.0 140.0 96.0 its
2236.0 9736.0 692.0 88.0 appearance
3028.0 9728.0 208.0 72.0 and
3336.0 9736.0 316.0 64.0 mane
3708.0 9736.0 140.0 88.0 up
3948.0 9708.0 212.0 92.0 and
4248.0 9708.0 476.0 92.0 believes
4792.0 9708.0 88.0 92.0 io
4940.0 9740.0 92.0 60.0 is
5104.0 9712.0 444.0 112.0 making

800.0 9900.0 512.0 96.0 progress
1396.0 9872.0 116.0 92.0 in
1612.0 9880.0 252.0 84.0 that
1956.0 9864.0 576.0 96.0 direction.
2752.0 9872.0 96.0 84.0 A
2992.0 9864.0 668.0 116.0 publication
3796.0 9888.0 468.0 88.0 striving
4404.0 9888.0 108.0 64.0 to
4652.0 9860.0 480.0 96.0 advance
5248.0 9876.0 296.0 80.0 ltseil

804.0 10028.0 220.0 92.0 and
1116.0 10044.0 116.0 76.0 to
1340.0 10028.0 256.0 112.0 help
1716.0 10024.0 148.0 88.0 its
1980.0 10024.0 672.0 84.0 home-town
2784.0 10028.0 116.0 80.0 to
3016.0 10028.0 524.0 96.0 advance,
3640.0 10008.0 392.0 96.0 should
4156.0 10040.0 280.0 64.0 nave
4564.0 10020.0 184.0 88.0 tbe
4860.0 10044.0 460.0 88.0 support
5436.0 10032.0 108.0 80.0 ol

804.0 10184.0 268.0 88.0 both
1168.0 10172.0 620.0 96.0 subscriber
1880.0 10172.0 216.0 92.0 and
2188.0 10168.0 648.0 96.0 advertiser.

1172.0 10628.0 104.0 104.0 It
1364.0 10632.0 624.0 124.0 frequently
2084.0 10632.0 492.0 116.0 happens
2668.0 10628.0 252.0 96.0 that
3008.0 10636.0 416.0 84.0 matter
3508.0 10624.0 512.0 96.0 intended
4108.0 10628.0 180.0 96.0 for
4380.0 10632.0 684.0 116.0 publication
5164.0 10632.0 104.0 96.0 in
5372.0 10640.0 184.0 92.0 the

816.0 10788.0 412.0 100.0 NEWS
1328.0 10812.0 292.0 68.0 must
1720.0 10796.0 132.0 84.0 be
1948.0 10780.0 476.0 100.0 omitted
2524.0 10788.0 460.0 84.0 because
3084.0 10784.0 112.0 88.0 of
3292.0 10780.0 308.0 116.0 delay
3696.0 10808.0 112.0 64.0 in
3904.0 10784.0 568.0 116.0 receiving
4540.0 10784.0 180.0 96.0 the
4792.0 10812.0 264.0 92.0 Copy
5164.0 10816.0 116.0 64.0 at,
5348.0 10788.0 208.0 96.0 this

812.0 10948.0 328.0 96.0 office.
1284.0 10944.0 124.0 92.0 In
1504.0 10940.0 328.0 92.0 order
1924.0 10948.0 148.0 80.0 to'
2136.0 10936.0 132.0 92.0 be
2356.0 10960.0 248.0 64.0 sure
2688.0 10940.0 116.0 84.0 of
2896.0 10932.0 704.0 116.0 publication,
3704.0 10936.0 144.0 92.0 all
3944.0 10960.0 260.0 92.0 copy
4312.0 10952.0 376.0 76.0 should
4788.0 10944.0 316.0 92.0 reach
5180.0 10972.0 116.0 64.0 us
5360.0 10968.0 192.0 68.0 not

808.0 11104.0 284.0 92.0 later
1188.0 11092.0 268.0 96.0 than
1548.0 11092.0 576.0 112.0 Thursday
2216.0 11088.0 512.0 112.0 morning
2816.0 11096.0 112.0 80.0 of
3040.0 11088.0 268.0 88.0 each
3428.0 11088.0 340.0 100.0 week,
3964.0 11096.0 152.0 108.0 by
4236.0 11092.0 620.0 116.0 complying
4976.0 11100.0 256.0 88.0 wiih
5344.0 11116.0 156.0 76.0 ttn

808.0 11264.0 484.0 108.0 request,
1400.0 11248.0 188.0 92.0 tbe
1688.0 11252.0 432.0 108.0 prompt
2208.0 11244.0 292.0 88.0 issue
2588.0 11240.0 120.0 92.0 of
2812.0 11240.0 184.0 88.0 the
3100.0 11264.0 336.0 92.0 paper
3532.0 11240.0 92.0 88.0 is
3716.0 11244.0 232.0 88.0 also
4044.0 11260.0 488.0 76.0 assured.

1184.0 11700.0 320.0 124.0 Many
1600.0 11732.0 64.0 68.0 a
1760.0 11700.0 672.0 116.0 community
2528.0 11700.0 268.0 92.0 with
2884.0 11700.0 436.0 92.0 natural
3416.0 11696.0 704.0 120.0 possibilities
4220.0 11700.0 180.0 96.0 for
4488.0 11712.0 432.0 104.0 growth
4992.0 11704.0 208.0 100.0 and
5272.0 11740.0 248.0 88.0 pros-

816.0 11868.0 392.0 116.0 perity,
1312.0 11864.0 196.0 88.0 has
1608.0 11860.0 268.0 88.0 been
1964.0 11856.0 468.0 112.0 delayed
2532.0 11852.0 104.0 92.0 in
2732.0 11852.0 144.0 96.0 its
2968.0 11852.0 696.0 92.0 commercial
3760.0 11880.0 516.0 88.0 progress
4372.0 11884.0 120.0 64.0 or
4592.0 11864.0 228.0 88.0 else
4916.0 11864.0 460.0 92.0 reduced
5452.0 11884.0 108.0 76.0 to

816.0 12016.0 636.0 116.0 stagnation
1548.0 12012.0 136.0 112.0 by
1784.0 12008.0 532.0 92.0 (actional
2412.0 12004.0 652.0 96.0 differences
3160.0 12004.0 384.0 96.0 within
3640.0 12012.0 144.0 84.0 its
3880.0 12004.0 516.0 100.0 Confines.
4584.0 12012.0 452.0 96.0 Faction
5136.0 12028.0 200.0 80.0 hus
5432.0 12048.0 136.0 64.0 lo

816.0 12176.0 312.0 116.0 place
1224.0 12192.0 136.0 68.0 on
1464.0 12160.0 180.0 96.0 the
1740.0 12184.0 516.0 96.0 program
2348.0 12172.0 104.0 80.0 of
2552.0 12164.0 192.0 88.0 the
2840.0 12156.0 684.0 120.0 progressive
3644.0 12180.0 332.0 88.0 Down,
4096.0 12160.0 480.0 92.0 whetner
4696.0 12188.0 268.0 68.0 sucli
5092.0 12184.0 476.0 80.0 lactiouo

820.0 12348.0 192.0 68.0 are
1104.0 12324.0 692.0 112.0 engendered
1896.0 12316.0 140.0 112.0 by
2128.0 12308.0 368.0 112.0 social,
2604.0 12316.0 500.0 104.0 political
3200.0 12336.0 120.0 64.0 or
3416.0 12312.0 520.0 112.0 religious
4032.0 12324.0 688.0 84.0 differences,
4864.0 12332.0 164.0 76.0 iso
5092.0 12348.0 300.0 64.0 error
5456.0 12360.0 100.0 52.0 oi

820.0 12472.0 480.0 120.0 political
1412.0 12468.0 284.0 92.0 faith
1824.0 12488.0 124.0 68.0 or
2048.0 12460.0 804.0 96.0 ecclesiastical
2968.0 12484.0 324.0 68.0 creed
3408.0 12488.0 224.0 64.0 was
3756.0 12488.0 264.0 64.0 ever
4144.0 12468.0 556.0 92.0 couected
4828.0 12488.0 128.0 100.0 Oy
5092.0 12500.0 468.0 84.0 narrow,

824.0 12624.0 432.0 120.0 bigoted
1340.0 12612.0 620.0 124.0 opposition
2056.0 12620.0 208.0 84.0 and
2360.0 12624.0 376.0 100.0 abuse,
2832.0 12608.0 220.0 96.0 and
3148.0 12640.0 344.0 64.0 never
3560.0 12620.0 220.0 88.0 will
3856.0 12616.0 152.0 92.0 be.
4148.0 12616.0 128.0 92.0 In
4364.0 12636.0 472.0 76.0 matters
4904.0 12636.0 660.0 104.0 concerning

820.0 12776.0 184.0 100.0 the
1108.0 12776.0 448.0 96.0 welfare
1644.0 12772.0 112.0 88.0 of
1852.0 12764.0 84.0 96.0 i-
2004.0 12776.0 348.0 84.0 whole
2460.0 12776.0 684.0 104.0 community
3260.0 12772.0 192.0 88.0 the
3568.0 12768.0 376.0 116.0 people
4056.0 12772.0 384.0 88.0 should
4560.0 12776.0 124.0 88.0 be
4800.0 12772.0 108.0 92.0 iu
5024.0 12792.0 460.0 80.0 iiaruion

820.0 12928.0 212.0 96.0 and
1128.0 12928.0 132.0 92.0 be
1356.0 12920.0 340.0 96.0 broad
1792.0 12924.0 432.0 112.0 enough
2320.0 12932.0 112.0 80.0 to
2528.0 12916.0 384.0 120.0 forget
2996.0 12944.0 216.0 92.0 auy
3308.0 12928.0 316.0 84.0 other
3716.0 12920.0 660.0 96.0 differences
4496.0 12936.0 260.0 104.0 they
4876.0 12956.0 248.0 88.0 may
5244.0 12932.0 316.0 112.0 have,

820.0 13084.0 108.0 96.0 in
1024.0 13084.0 192.0 92.0 the
1308.0 13076.0 468.0 96.0 interest
1864.0 13080.0 112.0 84.0 of
2076.0 13080.0 192.0 88.0 the
2380.0 13100.0 508.0 64.0 common
3004.0 13072.0 316.0 116.0 good.
3496.0 13072.0 224.0 92.0 The
3820.0 13084.0 68.0 36.0 "
3936.0 13092.0 184.0 100.0 get
4176.0 13076.0 516.0 112.0 together
4736.0 13080.0 68.0 52.0 "
4904.0 13080.0 320.0 120.0 spirit
5320.0 13088.0 88.0 88.0 is
5512.0 13120.0 60.0 56.0 a

828.0 13236.0 452.0 108.0 winner,
1388.0 13256.0 332.0 88.0 every
1824.0 13228.0 300.0 92.0 time.

168.0 13756.0 16.0 12.0 .
1168.0 13664.0 228.0 100.0 The
1496.0 13672.0 280.0 88.0 town
1872.0 13664.0 344.0 96.0 board
2308.0 13664.0 88.0 92.0 is
2492.0 13676.0 108.0 84.0 to
2688.0 13664.0 132.0 96.0 ba
2916.0 13664.0 712.0 96.0 commended
3728.0 13672.0 176.0 88.0 for
3996.0 13672.0 144.0 92.0 its
4236.0 13672.0 864.0 96.0 determination
5200.0 13688.0 116.0 84.0 to
5412.0 13708.0 112.0 64.0 re

816.0 13808.0 368.0 136.0 adjust
1272.0 13820.0 760.0 96.0 water-rental
2120.0 13824.0 648.0 92.0 conditions.
2904.0 13820.0 156.0 92.0 At
3152.0 13824.0 188.0 92.0 the
3440.0 13820.0 212.0 96.0 last
3740.0 13824.0 432.0 116.0 regular
4240.0 13828.0 528.0 116.0 meeting,
4844.0 13828.0 248.0 96.0 held
5164.0 13860.0 140.0 68.0 on
5380.0 13840.0 188.0 88.0 the

16.0 13972.0 48.0 32.0 "
244.0 13976.0 60.0 32.0 "
812.0 13968.0 240.0 104.0 27th
1140.0 13976.0 116.0 92.0 of
1348.0 13976.0 220.0 92.0 last
1660.0 13976.0 432.0 96.0 month,
2188.0 13972.0 196.0 92.0 the
2484.0 13968.0 332.0 96.0 board
2908.0 13976.0 632.0 116.0 vigorously
3640.0 13976.0 552.0 96.0 discussed
4312.0 13984.0 220.0 88.0 this
4648.0 13996.0 416.0 80.0 matter
5176.0 13984.0 212.0 96.0 and
5484.0 13996.0 88.0 84.0 it

816.0 14160.0 224.0 68.0 was
1136.0 14128.0 468.0 116.0 brought
1692.0 14136.0 200.0 84.0 out
1984.0 14128.0 252.0 92.0 that
2328.0 14140.0 344.0 80.0 water
2792.0 14144.0 300.0 80.0 rates
3212.0 14156.0 188.0 68.0 are
3532.0 14148.0 196.0 76.0 not
3824.0 14160.0 120.0 64.0 as
4036.0 14132.0 460.0 120.0 equably
4616.0 14140.0 716.0 116.0 apportioned
5452.0 14176.0 116.0 60.0 as

816.0 14292.0 268.0 112.0 thay
1192.0 14284.0 356.0 116.0 might
1660.0 14280.0 176.0 112.0 be;
1972.0 14280.0 236.0 92.0 also
2328.0 14284.0 248.0 88.0 that
2700.0 14308.0 336.0 92.0 many
3160.0 14308.0 188.0 68.0 are
3464.0 14288.0 328.0 112.0 using
3916.0 14288.0 240.0 88.0 free
4284.0 14300.0 344.0 80.0 water
4748.0 14296.0 204.0 88.0 and
5084.0 14300.0 252.0 88.0 that
5456.0 14300.0 104.0 88.0 iu

812.0 14464.0 592.0 68.0 numerous
1496.0 14436.0 544.0 92.0 instances
2136.0 14460.0 300.0 64.0 more
2532.0 14444.0 352.0 84.0 water
2976.0 14440.0 88.0 88.0 is
3160.0 14432.0 332.0 120.0 being
3580.0 14436.0 260.0 92.0 used
3936.0 14444.0 260.0 88.0 than
4296.0 14444.0 88.0 88.0 is
4484.0 14444.0 244.0 116.0 paid
4828.0 14444.0 212.0 96.0 for.
5180.0 14452.0 104.0 88.0 It
5336.0 14448.0 228.0 96.0 also

808.0 14588.0 616.0 112.0 developed
1528.0 14584.0 256.0 96.0 that
1872.0 14588.0 316.0 92.0 there
2296.0 14612.0 220.0 64.0 was
2608.0 14612.0 64.0 64.0 a
2768.0 14584.0 756.0 96.0 considerable
3624.0 14620.0 236.0 64.0 sum
3956.0 14588.0 200.0 96.0 due
4280.0 14596.0 188.0 88.0 the
4600.0 14592.0 292.0 120.0 city,
4948.0 14596.0 100.0 96.0 in
5164.0 14604.0 400.0 112.0 unpaid

808.0 14752.0 336.0 84.0 water
1232.0 14744.0 448.0 88.0 rentals.
1856.0 14740.0 356.0 88.0 These
2304.0 14732.0 624.0 100.0 conditions
3020.0 14768.0 188.0 64.0 are
3308.0 14768.0 384.0 88.0 wrong
3792.0 14748.0 212.0 88.0 and
4108.0 14748.0 188.0 88.0 the
4372.0 14748.0 340.0 92.0 board
4812.0 14752.0 92.0 88.0 is
4972.0 14748.0 552.0 100.0 endeavor-

808.0 14888.0 100.0 100.0 io
1080.0 14900.0 116.0 88.0 to
1288.0 14888.0 296.0 116.0 right
1680.0 14892.0 332.0 92.0 them.
2152.0 14892.0 356.0 88.0 There
2608.0 14892.0 88.0 88.0 is
2788.0 14916.0 140.0 68.0 no
3024.0 14892.0 400.0 116.0 logioal
3520.0 14920.0 204.0 64.0 nor
3820.0 14924.0 272.0 64.0 even
4196.0 14900.0 564.0 116.0 plausible
4860.0 14932.0 388.0 64.0 reason
5320.0 14912.0 236.0 112.0 why

804.0 15072.0 212.0 72.0 one
1108.0 15072.0 252.0 68.0 user
1452.0 15044.0 388.0 92.0 should
1932.0 15072.0 212.0 88.0 pay
2248.0 15072.0 304.0 64.0 tuore
2644.0 15072.0 120.0 64.0 or
2856.0 15048.0 216.0 88.0 less
3176.0 15044.0 260.0 96.0 than
3532.0 15048.0 460.0 92.0 another
4088.0 15048.0 180.0 96.0 for
4380.0 15060.0 184.0 88.0 the
4676.0 15084.0 304.0 64.0 same
5088.0 15064.0 468.0 92.0 service.

804.0 15196.0 352.0 96.0 While
1248.0 15200.0 184.0 92.0 the
1532.0 15204.0 336.0 84.0 exact
1960.0 15196.0 396.0 116.0 figures
2452.0 15224.0 184.0 64.0 are
2736.0 15212.0 192.0 76.0 not
3016.0 15208.0 192.0 104.0 yet
3304.0 15196.0 656.0 116.0 completed,
4068.0 15216.0 88.0 80.0 it
4252.0 15204.0 84.0 92.0 is
4432.0 15204.0 572.0 96.0 estimated
5104.0 15216.0 256.0 88.0 that
5424.0 15212.0 132.0 120.0 by

808.0 15348.0 220.0 96.0 this
1124.0 15348.0 464.0 120.0 unequal
1680.0 15348.0 892.0 116.0 apportionment
2660.0 15352.0 116.0 88.0 of
2872.0 15368.0 340.0 72.0 water
3264.0 15356.0 420.0 88.0 rentals
3780.0 15352.0 216.0 92.0 and
4092.0 15360.0 188.0 88.0 the
4380.0 15356.0 220.0 92.0 loss
4696.0 15364.0 276.0 88.0 from
5048.0 15372.0 232.0 84.0 free
5352.0 15372.0 212.0 84.0 and

808.0 15504.0 416.0 92.0 wasted
1332.0 15520.0 372.0 92.0 water,
1816.0 15500.0 180.0 96.0 tbe
2084.0 15516.0 296.0 80.0 town
2476.0 15500.0 392.0 92.0 stands
2956.0 15512.0 116.0 80.0 to
3172.0 15500.0 220.0 92.0 lose
3468.0 15504.0 488.0 116.0 monthly
4028.0 15536.0 128.0 64.0 an
4232.0 15524.0 468.0 80.0 amount
4768.0 15512.0 356.0 96.0 which
5196.0 15520.0 360.0 92.0 would

800.0 15656.0 128.0 96.0 be
1028.0 15684.0 60.0 64.0 a
1184.0 15656.0 512.0 92.0 material
1788.0 15656.0 252.0 116.0 help
2140.0 15652.0 108.0 96.0 in
2344.0 15652.0 412.0 120.0 paying
2852.0 15656.0 188.0 88.0 the
3136.0 15652.0 460.0 96.0 interest
3716.0 15684.0 144.0 64.0 on
3984.0 15660.0 180.0 92.0 the
4300.0 15660.0 412.0 116.0 unpaid
4844.0 15664.0 424.0 96.0 bnnded
5408.0 15672.0 104.0 92.0 in-

800.0 15804.0 656.0 96.0 debtedness
1552.0 15812.0 108.0 88.0 ot
1760.0 15808.0 184.0 92.0 the
2048.0 15812.0 336.0 88.0 water
2472.0 15804.0 352.0 120.0 plant.
2988.0 15804.0 252.0 92.0 This
3340.0 15808.0 320.0 92.0 condi
3728.0 15808.0 176.0 92.0 ion
4000.0 15808.0 120.0 96.0 of
4216.0 15812.0 376.0 96.0 affairs
4680.0 15816.0 196.0 96.0 hus
4972.0 15848.0 372.0 80.0 grown
5448.0 15852.0 120.0 64.0 so

796.0 15956.0 660.0 96.0 intolerable
1556.0 15956.0 240.0 96.0 that
1888.0 15960.0 184.0 92.0 tho
2204.0 15956.0 340.0 96.0 board
2664.0 15956.0 84.0 92.0 is
2876.0 15952.0 680.0 100.0 determined
3692.0 15980.0 112.0 76.0 to
3916.0 15968.0 260.0 88.0 take
4304.0 15968.0 516.0 112.0 vigorous
4944.0 16000.0 388.0 68.0 means
5464.0 15992.0 104.0 76.0 'o

800.0 16120.0 440.0 88.0 eorrect
1336.0 16116.0 124.0 112.0 it,
1568.0 16112.0 212.0 92.0 and
1876.0 16112.0 108.0 92.0 in
2088.0 16112.0 224.0 92.0 this
2408.0 16112.0 264.0 112.0 they
2788.0 16108.0 380.0 96.0 should
3284.0 16112.0 280.0 92.0 have
3688.0 16116.0 184.0 92.0 the
3992.0 16120.0 388.0 116.0 hearty
4508.0 16144.0 468.0 96.0 support
5084.0 16128.0 212.0 88.0 and
5396.0 16156.0 124.0 64.0 co-

800.0 16264.0 568.0 112.0 operation
1468.0 16268.0 112.0 88.0 of
1676.0 16260.0 188.0 96.0 the
1956.0 16280.0 348.0 76.0 water
2396.0 16284.0 344.0 88.0 users,
2800.0 16260.0 112.0 92.0 in
3008.0 16264.0 324.0 92.0 order
3428.0 16268.0 252.0 88.0 that
3736.0 16264.0 140.0 92.0 all
3972.0 16296.0 248.0 88.0 may
4328.0 16284.0 196.0 100.0 get
4624.0 16300.0 56.0 64.0 a
4780.0 16300.0 384.0 92.0 square
5268.0 16280.0 288.0 116.0 deal,

800.0 16408.0 264.0 100.0 both
1164.0 16444.0 116.0 64.0 as
1380.0 16424.0 108.0 84.0 to
1584.0 16416.0 392.0 120.0 supply
2072.0 16412.0 216.0 100.0 and
2384.0 16444.0 120.0 64.0 as
2600.0 16424.0 116.0 84.0 to
2816.0 16416.0 188.0 92.0 the
3096.0 16420.0 460.0 116.0 charges
3656.0 16424.0 164.0 88.0 for
3920.0 16448.0 344.0 68.0 same.

1664.0 17488.0 1408.0 424.0 Utah-Idaho
3368.0 17496.0 792.0 488.0 Sugar
4440.0 17504.0 216.0 408.0 Is

1504.0 18208.0 1712.0 416.0 Concentrated
3568.0 18216.0 1320.0 408.0 Nutriment

1428.0 19008.0 344.0 140.0 With
1960.0 19008.0 144.0 144.0 all
2292.0 19012.0 196.0 140.0 the
2644.0 19020.0 408.0 172.0 proofs
3360.0 19020.0 180.0 136.0 for
3664.0 19016.0 300.0 176.0 days
4088.0 19056.0 116.0 100.0 at
4328.0 19080.0 64.0 76.0 a
4524.0 19028.0 308.0 132.0 time.
5068.0 19024.0 88.0 136.0 It

1224.0 19216.0 292.0 140.0 from
1708.0 19224.0 284.0 136.0 food
2184.0 19264.0 468.0 140.0 experts
2812.0 19232.0 236.0 136.0 and
3352.0 19232.0 472.0 136.0 relieves
3872.0 19232.0 428.0 172.0 fatigue
4352.0 19236.0 228.0 132.0 and
4632.0 19240.0 92.0 128.0 is
4772.0 19292.0 220.0 76.0 one
5036.0 19236.0 120.0 136.0 of

1224.0 19432.0 572.0 136.0 evidence
1864.0 19436.0 160.0 172.0 by
2092.0 19440.0 572.0 168.0 practical
2736.0 19476.0 308.0 120.0 tests,
3352.0 19440.0 196.0 136.0 the
3600.0 19444.0 256.0 132.0 best
3924.0 19444.0 288.0 136.0 fuels
4280.0 19444.0 180.0 136.0 for
4528.0 19444.0 192.0 136.0 the
4792.0 19444.0 360.0 176.0 body,

1228.0 19640.0 536.0 172.0 showing
1852.0 19640.0 248.0 140.0 that
2196.0 19708.0 340.0 112.0 sugar
2628.0 19656.0 92.0 128.0 is
2816.0 19712.0 228.0 72.0 one

1228.0 19848.0 120.0 136.0 of
1420.0 19900.0 220.0 88.0 our
1704.0 19852.0 308.0 136.0 chief
2084.0 19852.0 380.0 160.0 foods,
2532.0 19860.0 512.0 136.0 mothers
3532.0 19804.0 92.0 136.0 II
3776.0 19808.0 92.0 132.0 is
4028.0 19860.0 64.0 80.0 a
4252.0 19800.0 416.0 176.0 cheaP-
4832.0 19864.0 312.0 116.0 Pure-

1228.0 20056.0 420.0 140.0 should
1808.0 20116.0 204.0 80.0 use
2168.0 20124.0 320.0 80.0 more
2656.0 20072.0 380.0 136.0 Utah-
3340.0 20012.0 360.0 172.0 easi,y
3824.0 20016.0 532.0 172.0 digested
4488.0 20020.0 324.0 136.0 food.
5064.0 20024.0 88.0 132.0 It

1228.0 20264.0 372.0 140.0 Idaho
1672.0 20272.0 380.0 172.0 Sugar
2112.0 20280.0 112.0 132.0 in
2292.0 20276.0 296.0 140.0 their
2684.0 20280.0 352.0 136.0 home
3340.0 20224.0 424.0 136.0 should
3896.0 20224.0 152.0 136.0 be
4176.0 20228.0 284.0 136.0 u,ed
4620.0 20232.0 528.0 172.0 liberally

1236.0 20476.0 544.0 176.0 cooking.
3336.0 20492.0 112.0 76.0 'n
3548.0 20488.0 348.0 116.0 every
3992.0 20432.0 392.0 140.0 home.
4572.0 20440.0 404.0 136.0 Order
5068.0 20452.0 80.0 128.0 it

3336.0 20644.0 160.0 168.0 by
3624.0 20644.0 196.0 132.0 the
3948.0 20644.0 316.0 136.0 sack.
4512.0 20648.0 192.0 136.0 It's
4832.0 20712.0 316.0 76.0 more

1404.0 20840.0 704.0 136.0 Sometimes
2204.0 20896.0 348.0 124.0 sugar
2644.0 20852.0 92.0 128.0 is
2836.0 20848.0 192.0 132.0 the
3336.0 20852.0 724.0 136.0 economical
4164.0 20892.0 116.0 96.0 to
4380.0 20852.0 236.0 176.0 buy
4716.0 20864.0 108.0 132.0 in
4924.0 20864.0 224.0 136.0 this
5256.0 20984.0 16.0 12.0 .

1228.0 21044.0 272.0 172.0 only
1628.0 21048.0 280.0 140.0 food
2068.0 21060.0 336.0 164.0 given
2552.0 21060.0 476.0 136.0 soldiers
3336.0 21124.0 312.0 112.0 way.

2776.0 21408.0 52.0 92.0 i

1064.0 21648.0 2664.0 352.0 Utah-Idaho
3840.0 21664.0 1520.0 344.0 Sugar

2192.0 22112.0 1260.0 112.0 ABSOLUTELY
3568.0 22112.0 476.0 112.0 PURE

5884.0 1308.0 508.0 168.0 Notice
6516.0 1316.0 152.0 160.0 of
6788.0 1312.0 916.0 172.0 Publication
7988.0 1300.0 12.0 72.0 1

5640.0 1792.0 728.0 112.0 Department
6472.0 1796.0 116.0 88.0 of
6704.0 1792.0 176.0 96.0 the
7000.0 1796.0 488.0 108.0 Interior,
7608.0 1796.0 128.0 92.0 U.
7844.0 1792.0 100.0 96.0 S.

5872.0 1940.0 288.0 92.0 Land
6284.0 1944.0 332.0 92.0 Office
6732.0 1960.0 116.0 76.0 at
6948.0 1952.0 240.0 88.0 Salt
7280.0 1948.0 292.0 92.0 Lake
7660.0 1948.0 288.0 116.0 City,

5872.0 2096.0 324.0 108.0 Utah,
6252.0 2096.0 308.0 116.0 April
6616.0 2096.0 280.0 116.0 15th,
6964.0 2100.0 264.0 92.0 1916.

5636.0 2272.0 524.0 96.0 NOTICE
6216.0 2272.0 84.0 96.0 is
6356.0 2276.0 408.0 116.0 hereby
6824.0 2276.0 320.0 116.0 given
7204.0 2284.0 244.0 92.0 that
7500.0 2284.0 280.0 96.0 John
7832.0 2284.0 116.0 92.0 L.

5640.0 2424.0 488.0 92.0 LaBarre
6172.0 2432.0 112.0 84.0 of
6336.0 2432.0 608.0 104.0 Pasadena,
6992.0 2428.0 644.0 116.0 California,
7688.0 2436.0 268.0 104.0 who,

5636.0 2604.0 132.0 64.0 on
5824.0 2580.0 620.0 88.0 November
6508.0 2576.0 280.0 112.0 27th,
6852.0 2580.0 260.0 112.0 1914,
7184.0 2584.0 324.0 92.0 made
7564.0 2588.0 400.0 88.0 Desert
8000.0 2580.0 8.0 72.0 !

5636.0 2728.0 376.0 112.0 Entry,
6080.0 2732.0 380.0 108.0 Serial,
6540.0 2728.0 200.0 96.0 No.
6812.0 2736.0 392.0 108.0 0134i)(),
7276.0 2740.0 164.0 84.0 for
7528.0 2732.0 260.0 96.0 Lots
7860.0 2744.0 92.0 100.0 3,

5636.0 2884.0 88.0 108.0 4,
5800.0 2880.0 696.0 116.0 NEJiSWK,
6604.0 2876.0 424.0 100.0 Section
7124.0 2884.0 144.0 112.0 10,
7376.0 2884.0 584.0 120.0 Township

5636.0 3032.0 112.0 88.0 2d
5836.0 3036.0 372.0 108.0 South,
6308.0 3036.0 380.0 112.0 Range
6772.0 3032.0 116.0 92.0 10
6944.0 3036.0 344.0 104.0 West,
7348.0 3036.0 228.0 100.0 bait
7672.0 3036.0 292.0 96.0 Lake

5644.0 3184.0 536.0 88.0 Meridian
6240.0 3184.0 200.0 88.0 has
6496.0 3184.0 244.0 88.0 died
6792.0 3188.0 368.0 88.0 notice
7212.0 3184.0 120.0 96.0 of
7400.0 3188.0 556.0 92.0 intention

5640.0 3348.0 112.0 80.0 to
5804.0 3344.0 316.0 80.0 make
6176.0 3336.0 264.0 88.0 final
6492.0 3336.0 364.0 112.0 Proof,
6908.0 3340.0 684.0 116.0 to,establish
7648.0 3340.0 312.0 92.0 claim

5640.0 3500.0 112.0 84.0 to
5844.0 3484.0 184.0 92.0 the
6124.0 3488.0 256.0 88.0 land
6476.0 3492.0 348.0 88.0 above
6920.0 3488.0 604.0 112.0 described,
7588.0 3492.0 372.0 92.0 before

5640.0 3632.0 476.0 100.0 Htrbert
6164.0 3640.0 492.0 108.0 Nichol9,
6716.0 3640.0 132.0 96.0 U.
6892.0 3640.0 104.0 96.0 S.
7052.0 3644.0 896.0 108.0 Commissioner,

5640.0 3812.0 112.0 68.0 at
5836.0 3788.0 480.0 112.0 Milford,
6372.0 3788.0 340.0 112.0 Utah,
6772.0 3816.0 128.0 68.0 on
6976.0 3796.0 192.0 92.0 the
7248.0 3792.0 252.0 92.0 fifth
7568.0 3796.0 212.0 116.0 day
7848.0 3792.0 120.0 92.0 of

5636.0 3940.0 324.0 112.0 June,
6024.0 3944.0 268.0 88.0 1916.

5756.0 4092.0 540.0 96.0 Claimant
6348.0 4120.0 372.0 68.0 names
6792.0 4120.0 116.0 68.0 as
6968.0 4096.0 628.0 96.0 witnesses:

5756.0 4248.0 116.0 92.0 0.
5972.0 4244.0 148.0 96.0 W.
6192.0 4260.0 360.0 100.0 Allen,
6656.0 4252.0 468.0 88.0 William
7196.0 4252.0 340.0 104.0 Allen,
7636.0 4248.0 284.0 92.0 Alex-

5636.0 4392.0 332.0 100.0 ander
6064.0 4396.0 712.0 116.0 McPherson,
6864.0 4396.0 128.0 96.0 A.
7076.0 4400.0 140.0 92.0 M.
7280.0 4400.0 460.0 112.0 Gilbert,
7820.0 4404.0 140.0 88.0 ail

5632.0 4560.0 116.0 84.0 of
5800.0 4548.0 484.0 116.0 Milford,
6356.0 4548.0 332.0 100.0 Utah.

6616.0 4732.0 400.0 96.0 Gould
7072.0 4736.0 120.0 92.0 B.
7256.0 4736.0 576.0 112.0 Blakely,

7460.0 4888.0 508.0 116.0 Register

5636.0 5036.0 288.0 100.0 First
5976.0 5036.0 264.0 92.0 Pub.
6288.0 5040.0 304.0 112.0 April
6644.0 5044.0 264.0 96.0 21st.
6972.0 5044.0 264.0 88.0 1916.

5636.0 5192.0 264.0 92.0 Last
5948.0 5192.0 256.0 92.0 Pub.
6272.0 5192.0 240.0 116.0 May
6576.0 5192.0 272.0 112.0 19th,
6912.0 5192.0 264.0 92.0 1916.

5840.0 5624.0 508.0 168.0 Notice
6504.0 5624.0 160.0 168.0 of
6812.0 5624.0 940.0 168.0 Publication

5640.0 6112.0 720.0 116.0 Department
6464.0 6116.0 112.0 88.0 of
6688.0 6116.0 188.0 92.0 the
6988.0 6112.0 508.0 112.0 Interior,
7616.0 6112.0 136.0 96.0 U.
7856.0 6108.0 104.0 96.0 S.

5868.0 6264.0 300.0 92.0 Land
6264.0 6264.0 336.0 92.0 Office
6692.0 6280.0 112.0 80.0 at
6912.0 6264.0 240.0 96.0 Salt
7264.0 6268.0 300.0 88.0 Lake
7672.0 6260.0 280.0 120.0 City,

5872.0 6416.0 332.0 112.0 TJr.ali,
6276.0 6416.0 300.0 116.0 April
6628.0 6416.0 280.0 112.0 19th,
6968.0 6420.0 272.0 88.0 1916.

5636.0 6600.0 528.0 92.0 NOTICE
6240.0 6596.0 84.0 92.0 is
6404.0 6596.0 396.0 116.0 hereby
6888.0 6600.0 328.0 116.0 given
7308.0 6600.0 244.0 92.0 that
7640.0 6596.0 316.0 120.0 Jerry

5640.0 6748.0 112.0 96.0 L.
5860.0 6752.0 324.0 112.0 King;,
6296.0 6764.0 108.0 76.0 o(
6484.0 6752.0 464.0 112.0 Malone,
7044.0 6748.0 328.0 116.0 Utah,
7468.0 6752.0 264.0 112.0 who,
7824.0 6780.0 136.0 60.0 on

5640.0 6904.0 380.0 88.0 March
6140.0 6908.0 280.0 104.0 13tb,
6544.0 6904.0 268.0 108.0 1913,
6964.0 6904.0 324.0 88.0 made
7420.0 6900.0 540.0 120.0 Enlarged

5640.0 7056.0 672.0 88.0 Homestead
6404.0 7060.0 380.0 108.0 Entry,
6852.0 7048.0 340.0 96.0 Serial
7272.0 7056.0 200.0 92.0 No.
7564.0 7056.0 388.0 112.0 011148,

5636.0 7220.0 168.0 80.0 tor
5884.0 7212.0 184.0 84.0 the
6152.0 7208.0 308.0 108.0 NEJi
6548.0 7204.0 452.0 92.0 Section
7084.0 7208.0 164.0 108.0 22;
7348.0 7200.0 480.0 100.0 audNVV

5636.0 7356.0 448.0 96.0 fectiou
6136.0 7360.0 148.0 108.0 23,
6344.0 7360.0 592.0 112.0 Township
6980.0 7356.0 116.0 92.0 25
7152.0 7356.0 372.0 112.0 aouih,
7588.0 7360.0 376.0 108.0 Ranfie

5636.0 7520.0 108.0 84.0 10
5808.0 7508.0 296.0 96.0 West
6152.0 7520.0 240.0 80.0 salt
6448.0 7512.0 296.0 88.0 Lake
6804.0 7508.0 564.0 112.0 Meidian,
7436.0 7520.0 192.0 80.0 has
7712.0 7508.0 248.0 96.0 filed

5636.0 7660.0 352.0 92.0 notice
6044.0 7668.0 112.0 84.0 of
6204.0 7664.0 544.0 88.0 intention
6808.0 7680.0 112.0 72.0 lo
6976.0 7664.0 316.0 88.0 make
7332.0 7668.0 632.0 108.0 three-year

5640.0 7812.0 368.0 112.0 Proof,
6076.0 7836.0 108.0 68.0 to
6236.0 7812.0 520.0 92.0 establish
6848.0 7816.0 332.0 88.0 claim
7268.0 7832.0 116.0 76.0 to
7464.0 7820.0 192.0 84.0 the
7712.0 7824.0 244.0 80.0 land

5636.0 7976.0 348.0 84.0 above
6156.0 7968.0 596.0 104.0 devcribed,
6936.0 7968.0 360.0 88.0 belore
7488.0 7968.0 480.0 88.0 Herbert

5632.0 8120.0 480.0 108.0 Nichols,
6216.0 8120.0 116.0 92.0 U.
6428.0 8128.0 104.0 80.0 ti.
6620.0 8120.0 564.0 92.0 Commissi
7224.0 8148.0 276.0 80.0 jner,
7560.0 8144.0 116.0 64.0 at
7732.0 8116.0 184.0 96.0 Mil-

5640.0 8272.0 268.0 112.0 ford,
6008.0 8268.0 332.0 112.0 Utah,
6424.0 8296.0 136.0 64.0 on
6636.0 8268.0 180.0 96.0 the
6888.0 8272.0 240.0 88.0 2t)th
7212.0 8268.0 208.0 120.0 day
7504.0 8280.0 112.0 84.0 of
7672.0 8272.0 284.0 116.0 May,

5640.0 8424.0 260.0 92.0 1916.

5752.0 8576.0 556.0 92.0 claimant
6360.0 8600.0 376.0 64.0 names
6796.0 8604.0 112.0 64.0 as
6964.0 8576.0 632.0 92.0 witnesses:

5760.0 8728.0 444.0 92.0 Francis
6320.0 8728.0 132.0 88.0 H.
6608.0 8720.0 616.0 120.0 Singleton,
7364.0 8728.0 376.0 92.0 James
7852.0 8732.0 100.0 92.0 J.

5644.0 8888.0 392.0 100.0 Burks,
6096.0 8884.0 300.0 88.0 John
6456.0 8884.0 128.0 84.0 H.
6656.0 8880.0 592.0 116.0 McCarthy
7332.0 8888.0 216.0 84.0 and
7604.0 8884.0 352.0 88.0 Frank

5644.0 9036.0 468.0 104.0 Hacker,
6184.0 9040.0 140.0 84.0 all
6380.0 9044.0 108.0 80.0 ot
6548.0 9032.0 468.0 112.0 Maione,
7088.0 9032.0 328.0 96.0 Utah.

6484.0 9216.0 392.0 96.0 Gould
6948.0 9220.0 116.0 92.0 B.
7148.0 9220.0 572.0 112.0 Elakely,

7456.0 9372.0 512.0 116.0 Regiater

5644.0 9524.0 288.0 92.0 First
5984.0 9524.0 260.0 88.0 Pub.
6312.0 9520.0 304.0 120.0 April
6664.0 9528.0 148.0 108.0 21,
6880.0 9524.0 232.0 92.0 1916

5648.0 9680.0 260.0 88.0 Last
5956.0 9676.0 256.0 92.0 Pub.
6276.0 9676.0 248.0 116.0 May
6584.0 9676.0 144.0 112.0 19,
6796.0 9676.0 232.0 92.0 1616

5920.0 10160.0 504.0 172.0 Notice
6512.0 10164.0 156.0 164.0 of
6752.0 10160.0 912.0 172.0 Publication

5652.0 10652.0 716.0 116.0 Department
6480.0 10656.0 112.0 88.0 of
6708.0 10656.0 188.0 92.0 the
6996.0 10652.0 512.0 112.0 Interior,
7612.0 10652.0 132.0 96.0 U.
7860.0 10652.0 104.0 96.0 S.

5888.0 10804.0 300.0 92.0 Land
6288.0 10800.0 328.0 96.0 Office
6728.0 10812.0 120.0 88.0 at
6948.0 10804.0 236.0 96.0 Salt
7284.0 10808.0 296.0 88.0 Lake
7680.0 10808.0 288.0 112.0 City,

5888.0 10952.0 336.0 112.0 Utah,
6288.0 10956.0 312.0 92.0 Aoril
6672.0 10956.0 300.0 112.0 22ud,
7040.0 10956.0 268.0 92.0 1916.

5652.0 11104.0 516.0 96.0 NOTICE
6264.0 11108.0 92.0 92.0 is
6452.0 11112.0 404.0 112.0 hereby
6932.0 11108.0 328.0 116.0 given
7356.0 11108.0 244.0 92.0 lhat
7692.0 11108.0 280.0 96.0 John

5656.0 11260.0 108.0 92.0 F.
5828.0 11260.0 604.0 116.0 Raymond,
6524.0 11256.0 124.0 96.0 of
6748.0 11260.0 476.0 112.0 Malone,
7312.0 11260.0 340.0 112.0 Utah,
7744.0 11264.0 236.0 88.0 who

5648.0 11440.0 136.0 64.0 on
5840.0 11408.0 644.0 116.0 September
6536.0 11412.0 284.0 108.0 16th,
6868.0 11412.0 264.0 112.0 1912,
7200.0 11412.0 324.0 88.0 made
7584.0 11416.0 348.0 88.0 Home-

5652.0 11564.0 316.0 88.0 stead
6068.0 11564.0 396.0 112.0 Entry,
6544.0 11560.0 380.0 116.0 Serial,
7004.0 11560.0 208.0 96.0 No.
7316.0 11564.0 388.0 108.0 010519,
7812.0 11564.0 172.0 92.0 for

5660.0 11716.0 276.0 112.0 WH,
6004.0 11720.0 432.0 84.0 Section
6520.0 11720.0 148.0 104.0 33,
6728.0 11712.0 592.0 116.0 Township
7396.0 11720.0 116.0 84.0 24
7596.0 11712.0 376.0 112.0 South,

5672.0 11876.0 364.0 104.0 Range
6104.0 11864.0 112.0 92.0 10
6276.0 11864.0 336.0 112.0 West,
6680.0 11868.0 232.0 88.0 Salt
6984.0 11868.0 300.0 88.0 Lake
7384.0 11868.0 588.0 108.0 Meridian,

5660.0 12020.0 188.0 88.0 has
5924.0 12020.0 248.0 84.0 hied
6264.0 12012.0 360.0 96.0 notice
6696.0 12012.0 120.0 96.0 of
6884.0 12016.0 560.0 92.0 intention
7500.0 12028.0 112.0 80.0 to
7664.0 12020.0 320.0 88.0 make

5664.0 12176.0 296.0 84.0 three
6048.0 12192.0 264.0 88.0 yea.'
6412.0 12164.0 364.0 112.0 Proof,
6848.0 12192.0 100.0 64.0 to
7020.0 12168.0 528.0 92.0 estaiilish
7652.0 12172.0 324.0 88.0 claim

5660.0 12332.0 112.0 80.0 to
5872.0 12320.0 184.0 92.0 the
6156.0 12316.0 256.0 92.0 land
6512.0 12316.0 352.0 92.0 above
6932.0 12316.0 596.0 116.0 described,
7616.0 12324.0 372.0 88.0 before

5672.0 12480.0 468.0 80.0 Herbert
6188.0 12472.0 484.0 104.0 Nichols,
6748.0 12468.0 120.0 92.0 II.
6932.0 12480.0 104.0 80.0 S.
7100.0 12472.0 880.0 112.0 Commissioner,

5664.0 12640.0 116.0 72.0 at
5872.0 12616.0 480.0 108.0 Milford,
6428.0 12620.0 312.0 112.0 Utah,
6804.0 12648.0 140.0 64.0 on
7044.0 12624.0 192.0 88.0 the
7328.0 12620.0 192.0 92.0 9th
7592.0 12624.0 212.0 112.0 day
7880.0 12632.0 108.0 80.0 of

5656.0 12772.0 316.0 108.0 June,
6036.0 12772.0 268.0 92.0 1916.

5776.0 12924.0 532.0 92.0 Claimant
6360.0 12952.0 376.0 64.0 names
6792.0 12952.0 116.0 64.0 as
6964.0 12924.0 620.0 96.0 witnesses:

5660.0 13048.0 280.0 92.0 John
5996.0 13056.0 116.0 84.0 U.
6172.0 13048.0 404.0 112.0 White,
6640.0 13056.0 112.0 84.0 of
6808.0 13048.0 336.0 112.0 Reed,
7208.0 13052.0 348.0 108.0 Utah;
7616.0 13048.0 376.0 96.0 James

5672.0 13204.0 124.0 88.0 H.
5924.0 13200.0 468.0 112.0 Hatton,
6512.0 13200.0 124.0 92.0 of
6764.0 13200.0 340.0 116.0 Reed,
7236.0 13200.0 352.0 112.0 Utah;
7728.0 13200.0 264.0 92.0 Pete

5664.0 13352.0 400.0 112.0 Buller,
6204.0 13356.0 116.0 88.0 of
6492.0 13352.0 476.0 112.0 Malone,
7104.0 13356.0 344.0 112.0 Utah;
7580.0 13352.0 408.0 96.0 Vivian

5676.0 13500.0 640.0 116.0 Waddoups,
6380.0 13504.0 112.0 88.0 of
6564.0 13500.0 476.0 116.0 Malone,
7100.0 13500.0 344.0 100.0 Utah.

6480.0 13652.0 408.0 96.0 Gould
6968.0 13656.0 116.0 96.0 B.
7168.0 13656.0 580.0 112.0 Blakely,

7484.0 13808.0 512.0 116.0 Register

5668.0 13960.0 284.0 88.0 First
6004.0 13956.0 260.0 100.0 Pub.
6332.0 13960.0 300.0 120.0 April
6684.0 13956.0 272.0 116.0 28:h,
7020.0 13960.0 272.0 92.0 1916.

5668.0 14112.0 256.0 92.0 Last
5976.0 14112.0 260.0 92.0 Pub.
6308.0 14116.0 248.0 112.0 May
6612.0 14112.0 288.0 108.0 2Sth,
6960.0 14112.0 264.0 92.0 1916.

5908.0 14576.0 508.0 168.0 Notice
6536.0 14576.0 160.0 164.0 of
6812.0 14572.0 928.0 172.0 Publication

5664.0 15064.0 724.0 112.0 Department
6496.0 15064.0 112.0 88.0 of
6720.0 15060.0 184.0 92.0 the
7012.0 15056.0 516.0 112.0 Interior,
7636.0 15060.0 132.0 92.0 U.
7880.0 15056.0 64.0 96.0 S

5896.0 15208.0 304.0 92.0 Land
6296.0 15212.0 340.0 92.0 Office
6732.0 15228.0 108.0 72.0 at
6952.0 15204.0 232.0 100.0 Salt
7276.0 15212.0 292.0 88.0 Lake
7684.0 15208.0 288.0 120.0 City,

5892.0 15364.0 328.0 108.0 Utah,
6284.0 15364.0 300.0 116.0 April
6640.0 15364.0 276.0 108.0 17th,
6984.0 15368.0 264.0 88.0 1916.

5660.0 15544.0 524.0 96.0 NOTICE
6268.0 15544.0 88.0 92.0 is
6440.0 15548.0 412.0 104.0 hereby
6936.0 15544.0 312.0 112.0 given
7344.0 15548.0 248.0 88.0 that
7676.0 15544.0 300.0 92.0 Elam

5660.0 15696.0 376.0 100.0 Foutz.
6160.0 15692.0 124.0 92.0 of
6416.0 15692.0 428.0 96.0 Milford
6972.0 15696.0 332.0 108.0 Utah,
7440.0 15700.0 280.0 100.0 who,
7840.0 15724.0 132.0 64.0 on

5656.0 15848.0 476.0 112.0 October
6228.0 15848.0 192.0 108.0 1st,
6528.0 15844.0 268.0 108.0 1912,
6904.0 15844.0 316.0 92.0 made
7316.0 15844.0 660.0 96.0 Homestead

5660.0 16000.0 388.0 112.0 Entry,
6156.0 15996.0 376.0 112.0 Serial,
6656.0 15996.0 192.0 92.0 No.
6952.0 15996.0 392.0 108.0 010569,
7456.0 15996.0 180.0 92.0 for

5656.0 16148.0 324.0 112.0 SEK,
6120.0 16148.0 624.0 112.0 SEJSEM,
6888.0 16148.0 444.0 92.0 Section
7464.0 16148.0 164.0 108.0 22;
7768.0 16156.0 204.0 88.0 and

5660.0 16296.0 664.0 112.0 NENKJi,
6432.0 16300.0 440.0 88.0 Section
6972.0 16300.0 144.0 108.0 27,
7184.0 16300.0 588.0 116.0 Township
7868.0 16304.0 112.0 92.0 29

5656.0 16448.0 372.0 112.0 South,
6152.0 16452.0 376.0 108.0 Ranne
6640.0 16456.0 108.0 84.0 10
6868.0 16452.0 340.0 104.0 West,
7332.0 16448.0 228.0 96.0 Salt
7688.0 16452.0 288.0 92.0 Lake

5656.0 16600.0 572.0 108.0 Meridian,
6296.0 16604.0 188.0 88.0 has
6540.0 16600.0 244.0 92.0 filed
6836.0 16600.0 372.0 92.0 notice
7264.0 16596.0 120.0 96.0 of
7428.0 16600.0 544.0 92.0 intention

5656.0 16776.0 100.0 64.0 to
5808.0 16756.0 316.0 84.0 make
6212.0 16752.0 304.0 88.0 three
6572.0 16776.0 260.0 88.0 year
6904.0 16752.0 308.0 112.0 proof
7296.0 16756.0 104.0 84.0 to
7456.0 16752.0 512.0 92.0 etaiilish

5648.0 16900.0 320.0 92.0 claim
6032.0 16916.0 108.0 72.0 to
6200.0 16900.0 180.0 92.0 the
6436.0 16896.0 256.0 96.0 land
6752.0 16896.0 336.0 96.0 above
7140.0 16900.0 604.0 108.0 described,
7804.0 16900.0 124.0 92.0 be-

5648.0 17048.0 240.0 96.0 fore
6004.0 17048.0 476.0 92.0 Herbert
6588.0 17048.0 496.0 108.0 Nichols,
7208.0 17048.0 128.0 96.0 U.
7444.0 17052.0 104.0 92.0 S.
7668.0 17052.0 260.0 96.0 Com-

5648.0 17204.0 608.0 104.0 missioner,
6364.0 17216.0 116.0 76.0 at
6564.0 17204.0 472.0 108.0 Milford,
7128.0 17204.0 336.0 112.0 Utah,
7564.0 17228.0 132.0 68.0 on
7796.0 17204.0 176.0 92.0 the

5644.0 17352.0 180.0 92.0 3rd
5880.0 17352.0 212.0 112.0 day
6144.0 17356.0 116.0 84.0 of
6312.0 17352.0 320.0 104.0 June,
6696.0 17356.0 264.0 88.0 1916.

5648.0 17504.0 552.0 92.0 Claimant
6244.0 17528.0 372.0 64.0 names
6688.0 17528.0 116.0 64.0 a9
6864.0 17500.0 612.0 96.0 witnesses:

5596.0 17616.0 8.0 136.0 i
5772.0 17652.0 460.0 88.0 William
6336.0 17648.0 396.0 108.0 Miller,
6812.0 17656.0 112.0 84.0 of
7028.0 17648.0 480.0 116.0 Milford,
7620.0 17656.0 344.0 112.0 Utah;

5596.0 17804.0 248.0 88.0 ;Eb.
5940.0 17804.0 468.0 108.0 Tanner,
6508.0 17800.0 204.0 96.0 Jr..
6820.0 17800.0 124.0 92.0 of
7044.0 17804.0 460.0 108.0 Milford,
7628.0 17808.0 328.0 108.0 Utah;

5652.0 17952.0 456.0 88.0 William
6200.0 17952.0 400.0 108.0 Kelsie,
6660.0 17956.0 112.0 84.0 of
6848.0 17952.0 708.0 112.0 Minersville,
7624.0 17952.0 336.0 116.0 Utah;

5652.0 18104.0 464.0 88.0 William
6212.0 18104.0 372.0 104.0 Wood,
6648.0 18108.0 112.0 80.0 of
6844.0 18100.0 704.0 112.0 Minersville,
7616.0 18108.0 336.0 92.0 Utah.

6636.0 18280.0 388.0 100.0 Gould
7088.0 18288.0 112.0 88.0 B.
7268.0 18288.0 568.0 112.0 Blakely,

7464.0 18440.0 504.0 116.0 Register

5644.0 18584.0 280.0 92.0 First
5980.0 18584.0 252.0 92.0 Pub.
6304.0 18584.0 296.0 112.0 April
6656.0 18592.0 248.0 84.0 21st.
6976.0 18588.0 260.0 92.0 1916.

5652.0 18736.0 252.0 88.0 Last
5968.0 18736.0 248.0 88.0 Pub.
6288.0 18736.0 240.0 112.0 May
6592.0 18732.0 268.0 112.0 19th,
6928.0 18740.0 264.0 88.0 1616.

6544.0 19192.0 512.0 168.0 Notice

5644.0 19460.0 312.0 76.0 United
6000.0 19468.0 288.0 68.0 States
6332.0 19464.0 232.0 68.0 I.nnrl
6608.0 19464.0 284.0 80.0 Office,
6932.0 19468.0 180.0 72.0 Salt
7156.0 19468.0 232.0 72.0 Lake
7428.0 19468.0 216.0 84.0 City.
7688.0 19472.0 264.0 80.0 Utah,

5828.0 19560.0 292.0 68.0 March
6160.0 19564.0 196.0 68.0 31st.
6404.0 19564.0 192.0 64.0 1'JLlj.

5636.0 19680.0 120.0 72.0 To
5796.0 19680.0 308.0 68.0 Whom
6148.0 19676.0 76.0 72.0 It
6268.0 19680.0 192.0 76.0 May
6504.0 19688.0 428.0 64.0 Concern:

5732.0 19796.0 300.0 72.0 Notice
6084.0 19796.0 72.0 72.0 is
6200.0 19800.0 312.0 80.0 hereby
6552.0 19796.0 248.0 84.0 piven
6844.0 19800.0 188.0 68.0 that
7076.0 19800.0 148.0 72.0 the
7272.0 19804.0 248.0 72.0 State
7580.0 19804.0 88.0 72.0 of
7724.0 19804.0 232.0 72.0 Utah

5636.0 19888.0 160.0 72.0 has
5856.0 19888.0 196.0 72.0 iile.1
6112.0 19888.0 80.0 68.0 in
6244.0 19888.0 452.0 72.0 thisollice
6744.0 19892.0 188.0 68.0 lists
6968.0 19892.0 84.0 68.0 of
7096.0 19896.0 276.0 68.0 lands,
7416.0 19896.0 372.0 68.0 selected
7848.0 19900.0 104.0 76.0 by

5636.0 19984.0 148.0 64.0 the
5820.0 19980.0 188.0 68.0 said
6048.0 19988.0 240.0 60.0 Stale
6328.0 19984.0 272.0 68.0 under
6640.0 19984.0 332.0 68.0 section
7012.0 19988.0 36.0 64.0 ti
7084.0 20004.0 76.0 48.0 of
7224.0 19992.0 148.0 64.0 the
7408.0 19992.0 156.0 64.0 Act
7608.0 19988.0 84.0 68.0 of
7744.0 20000.0 176.0 60.0 con-

5636.0 20092.0 260.0 60.0 gress,
5968.0 20072.0 432.0 76.0 approved
6468.0 20076.0 200.0 76.0 July
6748.0 20076.0 200.0 68.0 16lh.
7028.0 20080.0 192.0 64.0 194.
7296.0 20096.0 96.0 52.0 as
7460.0 20080.0 492.0 76.0 indemnity

5636.0 20160.0 312.0 72.0 School
6032.0 20164.0 276.0 68.0 lands,
6412.0 20160.0 172.0 72.0 viz:
6668.0 20164.0 268.0 68.0 Serial
7036.0 20168.0 292.0 68.0 (117169.
7436.0 20216.0 28.0 20.0 .
7520.0 20168.0 60.0 68.0 K
7604.0 20164.0 16.0 40.0 1
7648.0 20204.0 16.0 40.0 ,
7692.0 20224.0 16.0 8.0 .
7768.0 20172.0 60.0 64.0 h;
7936.0 20224.0 12.0 16.0 .

5636.0 20252.0 352.0 68.0 section
6068.0 20260.0 84.0 68.0 S:
6236.0 20248.0 472.0 80.0 bKstiJ,
6808.0 20252.0 348.0 72.0 toection
7268.0 20260.0 120.0 72.0 17:
7484.0 20256.0 468.0 80.0 sLJ,.l-.4.

5636.0 20344.0 344.0 68.0 Section
6020.0 20344.0 60.0 68.0 7.
6124.0 20340.0 88.0 68.0 T.
6256.0 20348.0 84.0 60.0 29
6368.0 20348.0 108.0 68.0 S..
6520.0 20348.0 96.0 64.0 K.
6668.0 20348.0 72.0 60.0 18
6784.0 20344.0 152.0 68.0 W..
6976.0 20344.0 180.0 68.0 t-alt
7208.0 20344.0 228.0 68.0 Lake
7496.0 20348.0 456.0 68.0 Meridian.

5640.0 20432.0 308.0 80.0 Copies
5980.0 20432.0 88.0 68.0 of
6100.0 20428.0 184.0 72.0 saiu
6328.0 20432.0 220.0 68.0 lists,
6584.0 20452.0 92.0 48.0 so
6716.0 20432.0 132.0 68.0 far
6900.0 20452.0 96.0 48.0 as
7056.0 20436.0 200.0 72.0 they
7308.0 20440.0 268.0 64.0 relate
7620.0 20452.0 88.0 52.0 lo
7768.0 20440.0 180.0 64.0 said

5640.0 20536.0 276.0 56.0 tracts
5984.0 20524.0 104.0 76.0 by
6156.0 20520.0 524.0 80.0 descriptive
6748.0 20520.0 616.0 72.0 subdivisions.
7456.0 20524.0 216.0 68.0 l:ae
7740.0 20528.0 212.0 68.0 been

5636.0 20612.0 660.0 76.0 conspicuously
6336.0 20612.0 296.0 76.0 posted
6680.0 20608.0 84.0 68.0 in
6808.0 20612.0 176.0 64.0 this
7020.0 20616.0 240.0 64.0 office
7296.0 20616.0 132.0 64.0 for
7464.0 20612.0 484.0 80.0 inspection

5644.0 20720.0 104.0 60.0 ny
5828.0 20720.0 168.0 60.0 any
6084.0 20720.0 304.0 60.0 person
6464.0 20700.0 468.0 68.0 interested
7004.0 20700.0 168.0 68.0 and
7244.0 20704.0 104.0 72.0 by
7436.0 20704.0 148.0 68.0 the
7672.0 20708.0 280.0 72.0 purjlic

5636.0 20792.0 468.0 80.0 (renerally.
6236.0 20788.0 332.0 80.0 Durinp
6632.0 20792.0 144.0 64.0 the
6820.0 20788.0 284.0 80.0 period
7148.0 20788.0 84.0 68.0 of
7292.0 20792.0 376.0 76.0 pubiicat
7692.0 20792.0 136.0 72.0 ion
7868.0 20808.0 76.0 56.0 ol

5640.0 20880.0 176.0 72.0 this
5876.0 20880.0 312.0 68.0 police,
6232.0 20900.0 96.0 48.0 or
6388.0 20900.0 164.0 56.0 any
6616.0 20880.0 212.0 68.0 time
6884.0 20884.0 488.0 68.0 theratlter.
7432.0 20900.0 168.0 48.0 ana
7664.0 20884.0 288.0 72.0 hrloie

5644.0 20972.0 196.0 68.0 final
5912.0 20988.0 236.0 60.0 anpr.
6196.0 20968.0 132.0 68.0 val
6400.0 20968.0 164.0 68.0 and
6636.0 20968.0 604.0 68.0 eeniticmion.
7284.0 20976.0 268.0 64.0 under
7616.0 20972.0 340.0 72.0 depart-
7992.0 20984.0 8.0 68.0 I

5640.0 21064.0 316.0 64.0 mental
6000.0 21060.0 536.0 76.0 regulations
6572.0 21060.0 84.0 64.0 of
6696.0 21064.0 56.0 60.0 A
6780.0 21060.0 152.0 76.0 pril
6976.0 21072.0 108.0 52.0 'ill
7112.0 21064.0 76.0 68.0 h,
7240.0 21064.0 184.0 64.0 i:u7.
7456.0 21072.0 376.0 68.0 protests
7856.0 21088.0 96.0 44.0 or
7992.0 21092.0 4.0 60.0 ;

5636.0 21164.0 388.0 56.0 contests
6064.0 21148.0 332.0 76.0 against
6444.0 21152.0 148.0 64.0 the
6644.0 21148.0 252.0 68.0 claim
6936.0 21152.0 76.0 60.0 of
7060.0 21148.0 144.0 68.0 the
7240.0 21156.0 240.0 60.0 stale
7520.0 21164.0 88.0 56.0 to
7648.0 21172.0 164.0 56.0 any
7868.0 21156.0 84.0 68.0 of
7992.0 21160.0 8.0 72.0 ;

5636.0 21244.0 148.0 68.0 the
5824.0 21252.0 264.0 56.0 tracts
6116.0 21260.0 96.0 44.0 or
6252.0 21236.0 588.0 68.0 subdivisions
6876.0 21236.0 592.0 72.0 hereinbefore
7500.0 21244.0 444.0 68.0 described
7988.0 21244.0 8.0 88.0 j

5632.0 21348.0 112.0 52.0 on
5788.0 21332.0 144.0 68.0 the
5968.0 21328.0 332.0 80.0 ground
6360.0 21332.0 188.0 64.0 that
6624.0 21332.0 144.0 64.0 the
6828.0 21348.0 232.0 48.0 same
7124.0 21324.0 68.0 72.0 is
7248.0 21348.0 236.0 52.0 more
7556.0 21336.0 440.0 68.0 valuable!

5636.0 21420.0 132.0 68.0 for
5860.0 21420.0 364.0 68.0 mineral
6316.0 21420.0 212.0 68.0 than
6592.0 21416.0 128.0 68.0 f'.r
6832.0 21416.0 564.0 76.0 htnicliiUnal
7508.0 21440.0 436.0 60.0 juijo-is.

5636.0 21508.0 164.0 68.0 will
5852.0 21512.0 96.0 64.0 be
6016.0 21504.0 376.0 72.0 received
6468.0 21516.0 168.0 60.0 anil
6712.0 21508.0 256.0 68.0 noted
7060.0 21508.0 128.0 64.0 for
7272.0 21524.0 288.0 56.0 report
7644.0 21524.0 88.0 56.0 to
7804.0 21520.0 192.0 60.0 the,'

5632.0 21600.0 364.0 68.0 General
6100.0 21600.0 176.0 64.0 Lan
6320.0 21612.0 16.0 48.0 I
6440.0 21600.0 256.0 64.0 Ortice.
6792.0 21608.0 84.0 56.0 at
6968.0 21596.0 608.0 80.0 Washington.
7672.0 21604.0 92.0 64.0 1).
7856.0 21612.0 88.0 56.0 c.
7984.0 21576.0 12.0 96.0 I

5636.0 21688.0 340.0 72.0 Failure
6012.0 21704.0 92.0 52.0 to
6140.0 21708.0 92.0 48.0 so
6276.0 21700.0 324.0 64.0 protest
6640.0 21704.0 96.0 48.0 or
6768.0 21696.0 364.0 60.0 contest,
7180.0 21684.0 300.0 72.0 wiitiin
7536.0 21692.0 144.0 64.0 the
7740.0 21688.0 208.0 72.0 time

5628.0 21776.0 432.0 80.0 specified,
6108.0 21776.0 164.0 68.0 will
6340.0 21780.0 96.0 64.0 be
6504.0 21776.0 500.0 68.0 considered
7080.0 21776.0 416.0 68.0 sufficient
7540.0 21780.0 408.0 72.0 evidence
7984.0 21776.0 8.0 36.0 ;

5624.0 21872.0 84.0 64.0 of
5748.0 21880.0 148.0 60.0 the
5948.0 21868.0 576.0 68.0 non-mineral
6588.0 21868.0 452.0 68.0 character
7088.0 21868.0 88.0 64.0 of
7236.0 21868.0 144.0 68.0 the
7440.0 21872.0 272.0 68.0 tracts
7772.0 21872.0 168.0 68.0 and
7984.0 21928.0 8.0 12.0 .

5628.0 21960.0 144.0 68.0 the
5812.0 21956.0 460.0 72.0 selections
6312.0 21960.0 352.0 68.0 tbereoi.
6716.0 21956.0 184.0 68.0 bein
7024.0 21956.0 456.0 72.0 otherwise
7516.0 21964.0 172.0 64.0 tree
7724.0 21960.0 220.0 72.0 from

5624.0 22048.0 464.0 80.0 objection,
6132.0 22048.0 168.0 68.0 will
6348.0 22048.0 96.0 68.0 be
6484.0 22048.0 428.0 80.0 approved
6960.0 22056.0 88.0 60.0 to
7088.0 22044.0 144.0 68.0 the
7268.0 22048.0 268.0 72.0 State.

6908.0 22168.0 312.0 68.0 Got'i-D
7264.0 22160.0 88.0 72.0 B.
7396.0 22168.0 448.0 76.0 Blakely.
7984.0 22184.0 12.0 52.0 I

7552.0 22260.0 392.0 80.0 Keeister

5628.0 22376.0 220.0 72.0 First
5896.0 22380.0 204.0 68.0 Pub.
6144.0 22380.0 236.0 76.0 April
6424.0 22384.0 192.0 64.0 21st.
6668.0 22380.0 192.0 68.0 191G.

5628.0 22468.0 204.0 76.0 Last
5872.0 22472.0 200.0 72.0 rub.
6120.0 22472.0 196.0 80.0 May
6360.0 22468.0 208.0 76.0 13th.
6616.0 22476.0 192.0 68.0 1S16.

8040.0 1744.0 176.0 688.0 I
8832.0 1944.0 896.0 488.0 mii
9968.0 1936.0 1504.0 496.0 mph
12096.0 1944.0 400.0 488.0 if
12616.0 1976.0 536.0 456.0 ai
13384.0 1952.0 112.0 480.0 i
13736.0 1944.0 720.0 488.0 nf
15048.0 1776.0 424.0 608.0 t-

15064.0 2772.0 168.0 244.0 s

8048.0 3368.0 176.0 536.0 I
9944.0 3536.0 1064.0 280.0 SAFE
11384.0 3536.0 1144.0 280.0 LAND
15064.0 3392.0 176.0 440.0 I

9944.0 3984.0 1064.0 288.0 SAFE
11384.0 3992.0 2096.0 288.0 MARKETS

9952.0 4432.0 2960.0 296.0 SAFEWATER

9952.0 4888.0 1808.0 280.0 DESIRABLE
12080.0 4896.0 1456.0 280.0 CLIMATE

8056.0 5112.0 176.0 408.0 ft
15080.0 5112.0 168.0 408.0 I

8056.0 5720.0 176.0 336.0 jjf
8496.0 5712.0 528.0 280.0 The
9216.0 5720.0 1216.0 344.0 Company
10608.0 5728.0 176.0 264.0 is
10968.0 5720.0 1080.0 344.0 prepared
12240.0 5800.0 232.0 200.0 to
12656.0 5728.0 552.0 272.0 offer
13344.0 5720.0 1456.0 352.0 experienced
15080.0 5800.0 136.0 216.0 S

9104.0 6192.0 1128.0 352.0 dairymen
10424.0 6200.0 1608.0 352.0 exceptionally
12224.0 6200.0 1088.0 288.0 desirable
13504.0 6288.0 632.0 200.0 terms
14952.0 6216.0 368.0 312.0 ..R

9288.0 7320.0 1568.0 416.0 WESTERN
11248.0 7328.0 1904.0 424.0 SECURITIES
13544.0 7336.0 488.0 416.0 CO.
15088.0 6968.0 176.0 776.0 I

8720.0 7932.0 256.0 156.0 711
9108.0 7916.0 1604.0 172.0 H0LLINGSW0RTH
10832.0 7920.0 920.0 208.0 BUILDING,
12308.0 7996.0 164.0 108.0 or
13016.0 7932.0 876.0 204.0 MILFORD,
14024.0 7936.0 512.0 172.0 UTAH

8060.0 8092.0 168.0 320.0 ?j
9316.0 8192.0 328.0 168.0 LOS
9780.0 8188.0 880.0 204.0 ANGELES,
10812.0 8196.0 400.0 168.0 CAL

8852.0 10432.0 736.0 528.0 sii

8632.0 11016.0 1088.0 1024.0 JS
9728.0 11488.0 472.0 520.0 s

8408.0 12724.0 1172.0 196.0 Absolutely
9640.0 12724.0 492.0 168.0 Pure

8172.0 12988.0 420.0 180.0 Made
8632.0 12984.0 380.0 184.0 from
9056.0 12980.0 516.0 184.0 Cream
9620.0 12980.0 164.0 184.0 of
9816.0 12980.0 508.0 188.0 Tarfar

8176.0 13288.0 208.0 188.0 HO
8428.0 13284.0 840.0 184.0 ALUM-NO
9328.0 13280.0 996.0 184.0 PHOSPHATE

8204.0 14012.0 668.0 88.0 Excursions
8948.0 14016.0 112.0 84.0 to
9144.0 14000.0 560.0 116.0 Montana,
9764.0 14004.0 344.0 92.0 Idaho
10208.0 13996.0 204.0 100.0 and

8080.0 14160.0 424.0 120.0 Oregon
8560.0 14164.0 176.0 88.0 via
8792.0 14156.0 236.0 96.0 Salt
9076.0 14156.0 224.0 96.0 Lak
9428.0 14164.0 376.0 88.0 Route.
9996.0 14156.0 416.0 116.0 During

8084.0 14312.0 176.0 96.0 the
8356.0 14340.0 412.0 64.0 smmer
8816.0 14312.0 440.0 92.0 months
9328.0 14312.0 564.0 92.0 excursion
9996.0 14308.0 416.0 92.0 tiokets

8080.0 14480.0 116.0 80.0 at
8268.0 14464.0 436.0 116.0 greatly
8788.0 14460.0 480.0 96.0 reduced
9316.0 14476.0 300.0 80.0 rates
9676.0 14460.0 220.0 96.0 will
9964.0 14460.0 132.0 96.0 be
10172.0 14460.0 232.0 92.0 sold

8084.0 14636.0 108.0 72.0 to
8272.0 14616.0 360.0 116.0 points
8684.0 14608.0 108.0 96.0 in
8848.0 14612.0 340.0 92.0 above
9248.0 14612.0 520.0 116.0 territory
9828.0 14640.0 136.0 64.0 on
10052.0 14612.0 320.0 92.0 differ-

8080.0 14780.0 188.0 80.0 ent
8316.0 14768.0 352.0 92.0 dates.
8852.0 14768.0 428.0 88.0 Return
9340.0 14764.0 288.0 92.0 limit
9680.0 14768.0 348.0 112.0 thirty
10088.0 14764.0 312.0 112.0 days.

8084.0 14920.0 204.0 92.0 For
8340.0 14916.0 400.0 96.0 tickets
8796.0 14916.0 216.0 92.0 and
9060.0 14916.0 192.0 92.0 full
9300.0 14916.0 720.0 92.0 information
10080.0 14912.0 320.0 120.0 apply

8084.0 15084.0 100.0 84.0 to
8240.0 15104.0 208.0 80.0 any
8508.0 15088.0 332.0 96.0 agent
8892.0 15080.0 104.0 84.0 of
9052.0 15080.0 244.0 84.0 Salt
9348.0 15072.0 292.0 92.0 Lake
9700.0 15072.0 356.0 88.0 Route
10128.0 15092.0 128.0 68.0 or
10304.0 15068.0 92.0 92.0 J.

8088.0 15228.0 124.0 92.0 H.
8296.0 15220.0 704.0 96.0 Manderfield
9060.0 15228.0 128.0 88.0 A.
9252.0 15224.0 128.0 92.0 G.
9436.0 15224.0 116.0 88.0 P.
9624.0 15228.0 120.0 84.0 A.
9812.0 15220.0 244.0 92.0 Salt
10112.0 15216.0 300.0 96.0 Lake

8080.0 15380.0 292.0 112.0 City.
8512.0 15372.0 288.0 96.0 Adv.

8616.0 15956.0 92.0 124.0 A
8788.0 15952.0 436.0 140.0 Symbol
9304.0 15952.0 112.0 124.0 of
9496.0 15948.0 400.0 132.0 Health

8184.0 16172.0 224.0 96.0 The
8468.0 16168.0 800.0 116.0 PythKOrians
9308.0 16164.0 120.0 96.0 of
9488.0 16168.0 480.0 92.0 Ancient
10004.0 16168.0 404.0 92.0 Greece

8068.0 16340.0 184.0 76.0 ate
8304.0 16320.0 388.0 120.0 simple
8748.0 16316.0 284.0 116.0 food,
9092.0 16316.0 556.0 120.0 practiced
9700.0 16324.0 708.0 112.0 temperance

8068.0 16476.0 208.0 88.0 and
8336.0 16472.0 392.0 116.0 purity.
8876.0 16476.0 148.0 88.0 As
9080.0 16500.0 64.0 60.0 a
9200.0 16468.0 348.0 116.0 badge
9604.0 16468.0 256.0 120.0 they
9904.0 16472.0 264.0 88.0 used
10224.0 16472.0 180.0 92.0 the

8068.0 16628.0 208.0 88.0 five
8332.0 16624.0 444.0 120.0 pointed
8832.0 16632.0 236.0 80.0 star
9120.0 16620.0 352.0 96.0 which
9544.0 16620.0 264.0 112.0 they
9860.0 16624.0 540.0 116.0 regarded

8064.0 16804.0 56.0 64.0 a
8136.0 16804.0 40.0 60.0 a
8280.0 16804.0 64.0 64.0 a
8440.0 16772.0 432.0 116.0 symbol
8972.0 16776.0 108.0 88.0 of
9180.0 16772.0 412.0 92.0 health.
9768.0 16776.0 92.0 88.0 A
9932.0 16772.0 188.0 92.0 red
10200.0 16772.0 204.0 96.0 five

8068.0 16928.0 432.0 116.0 pointed
8552.0 16944.0 228.0 72.0 star
8832.0 16948.0 464.0 92.0 appears
9352.0 16948.0 128.0 64.0 on
9560.0 16920.0 268.0 96.0 each
9900.0 16924.0 500.0 116.0 package

8060.0 17088.0 112.0 80.0 of
8272.0 17076.0 860.0 96.0 Chamberlain's
9244.0 17072.0 488.0 112.0 Tablets,
9856.0 17076.0 204.0 92.0 and
10180.0 17080.0 216.0 88.0 still

8064.0 17228.0 324.0 96.0 fulfils
8444.0 17228.0 140.0 92.0 its
8640.0 17224.0 444.0 96.0 ancient
9148.0 17228.0 440.0 92.0 mission
9660.0 17252.0 116.0 68.0 as
9848.0 17252.0 64.0 68.0 a
9976.0 17228.0 416.0 116.0 symbol

8060.0 17384.0 112.0 88.0 of
8256.0 17380.0 416.0 92.0 health.
8812.0 17376.0 108.0 92.0 If
8996.0 17404.0 212.0 84.0 you
9288.0 17408.0 180.0 60.0 are
9548.0 17376.0 508.0 96.0 troubled
10128.0 17380.0 264.0 92.0 with

8056.0 17532.0 712.0 116.0 indigestion,
8876.0 17528.0 648.0 92.0 biliousness
9636.0 17556.0 128.0 64.0 or
9852.0 17528.0 492.0 120.0 constipa-

8060.0 17684.0 252.0 108.0 tion,
8404.0 17696.0 196.0 104.0 get
8680.0 17712.0 60.0 60.0 a
8812.0 17680.0 492.0 116.0 package
9388.0 17684.0 112.0 88.0 of
9584.0 17680.0 312.0 92.0 these
9984.0 17680.0 404.0 92.0 tablets

8064.0 17844.0 260.0 80.0 from
8376.0 17860.0 268.0 88.0 your
8696.0 17832.0 540.0 116.0 druggist.
9372.0 17832.0 244.0 92.0 You
9676.0 17832.0 208.0 88.0 will
9964.0 17832.0 132.0 92.0 be
10164.0 17860.0 224.0 64.0 sur-
10468.0 17856.0 8.0 20.0 '

8056.0 17988.0 352.0 112.0 prised
8472.0 18000.0 116.0 76.0 at
8644.0 17988.0 184.0 88.0 the
8908.0 17980.0 316.0 124.0 quick
9300.0 17980.0 324.0 96.0 relief
9700.0 17984.0 352.0 92.0 which
10128.0 17988.0 256.0 112.0 they

8056.0 18136.0 388.0 96.0 afford.
8584.0 18136.0 644.0 96.0 Obtainable
9280.0 18132.0 740.0 120.0 everywhere.

10468.0 18260.0 8.0 184.0 I

8304.0 18724.0 508.0 168.0 Notice
8936.0 18724.0 156.0 164.0 of
9212.0 18724.0 920.0 168.0 Publication

8056.0 19208.0 724.0 116.0 Department
8888.0 19208.0 112.0 92.0 of
9112.0 19204.0 180.0 92.0 the
9408.0 19204.0 512.0 112.0 Interior,
10024.0 19200.0 132.0 96.0 U.
10264.0 19204.0 100.0 88.0 S.

8288.0 19364.0 304.0 88.0 Land
8704.0 19360.0 340.0 88.0 Office
9156.0 19368.0 116.0 80.0 at
9368.0 19356.0 232.0 96.0 Salt
9692.0 19352.0 300.0 96.0 Lake
10088.0 19352.0 280.0 116.0 City,

8288.0 19512.0 336.0 108.0 Utah,
8684.0 19516.0 252.0 108.0 May
8996.0 19508.0 228.0 112.0 8.h,
9284.0 19508.0 232.0 92.0 1916

8052.0 19688.0 516.0 96.0 NOTICE
8652.0 19692.0 84.0 92.0 is
8816.0 19692.0 412.0 108.0 hereby
9308.0 19688.0 324.0 112.0 given
9692.0 19692.0 248.0 88.0 that
9992.0 19688.0 376.0 112.0 Henry

8044.0 19844.0 96.0 92.0 J.
8220.0 19844.0 152.0 92.0 W.
8436.0 19844.0 440.0 116.0 Bangle,
8932.0 19844.0 108.0 88.0 of
9100.0 19840.0 348.0 108.0 Nada,
9496.0 19836.0 332.0 112.0 Utah,
9904.0 19840.0 272.0 104.0 who,
10236.0 19864.0 132.0 60.0 on

8048.0 19992.0 364.0 92.0 March
8516.0 19996.0 280.0 100.0 19ih,
8920.0 19992.0 264.0 108.0 1915,
9296.0 19988.0 308.0 92.0 made
9712.0 19988.0 660.0 92.0 Homestead

8052.0 20148.0 372.0 112.0 Eniry,
8540.0 20144.0 380.0 104.0 Serial,
9032.0 20144.0 200.0 88.0 No.
9340.0 20140.0 396.0 100.0 013919.
9860.0 20144.0 168.0 84.0 for
10144.0 20136.0 220.0 108.0 S;,

8048.0 20300.0 436.0 84.0 Section
8560.0 20300.0 92.0 100.0 4,
8716.0 20292.0 584.0 108.0 'lownBhip
9384.0 20292.0 108.0 88.0 31
9552.0 20292.0 388.0 104.0 South,
10004.0 20284.0 368.0 120.0 Range

8044.0 20456.0 108.0 80.0 13
8220.0 20448.0 320.0 104.0 West,
8604.0 20448.0 236.0 88.0 Salt
8896.0 20436.0 288.0 96.0 Lake
9244.0 20440.0 568.0 100.0 Meridian,
9872.0 20436.0 188.0 92.0 hah
10120.0 20436.0 244.0 92.0 fio-d

8044.0 20596.0 368.0 88.0 notice
8468.0 20604.0 104.0 80.0 of
8624.0 20588.0 548.0 96.0 intention
9240.0 20608.0 108.0 68.0 to
9384.0 20592.0 316.0 88.0 make
9760.0 20596.0 308.0 84.0 three
10112.0 20616.0 260.0 84.0 year

8048.0 20748.0 324.0 88.0 Proof
8460.0 20764.0 108.0 72.0 to
8648.0 20744.0 528.0 88.0 establish
9264.0 20744.0 324.0 88.0 claim
9656.0 20760.0 100.0 68.0 to
9840.0 20740.0 184.0 88.0 the
10116.0 20732.0 300.0 100.0 land!

8044.0 20892.0 340.0 92.0 above
8472.0 20888.0 592.0 108.0 desciibed,
9148.0 20888.0 376.0 92.0 before
9608.0 20892.0 184.0 88.0 the
9880.0 20904.0 40.0 76.0 t
9968.0 20884.0 220.0 92.0 lsik
10264.0 20904.0 92.0 72.0 ol

8044.0 21052.0 180.0 84.0 the
8284.0 21048.0 460.0 88.0 District
8800.0 21048.0 364.0 100.0 Court,
9232.0 21052.0 116.0 76.0 at
9404.0 21040.0 560.0 100.0 Parowan,
10032.0 21036.0 324.0 112.0 Utah,

8036.0 21220.0 132.0 64.0 on
8228.0 21208.0 184.0 76.0 tne
8468.0 21196.0 240.0 88.0 23rd
8768.0 21196.0 212.0 108.0 day
9040.0 21196.0 100.0 84.0 of
9192.0 21188.0 328.0 108.0 June,
9592.0 21196.0 264.0 84.0 1916.

8156.0 21348.0 552.0 88.0 Claimant
8764.0 21372.0 376.0 60.0 names
9200.0 21372.0 88.0 56.0 a.
9372.0 21344.0 620.0 88.0 witnesses:

8168.0 21496.0 128.0 88.0 H.
8364.0 21492.0 140.0 92.0 M.
8568.0 21504.0 404.0 96.0 Couch,
9076.0 21492.0 136.0 88.0 M.
9312.0 21488.0 668.0 112.0 Cantebun,
10052.0 21496.0 88.0 88.0 A
10220.0 21496.0 132.0 88.0 N.

8040.0 21644.0 424.0 104.0 Downs,
8560.0 21640.0 132.0 92.0 ail
8772.0 21648.0 108.0 84.0 of
8976.0 21644.0 332.0 104.0 Lund,
9376.0 21644.0 88.0 88.0 U
9532.0 21644.0 132.0 88.0 ah
9768.0 21640.0 204.0 92.0 and
10032.0 21644.0 320.0 116.0 Hugh

8044.0 21796.0 96.0 92.0 L.
8208.0 21796.0 448.0 104.0 Adams,
8716.0 21796.0 108.0 84.0 of
8880.0 21796.0 568.0 104.0 Parowan,
9516.0 21792.0 324.0 92.0 L'tah.

8988.0 21972.0 396.0 96.0 Gould
9456.0 21976.0 120.0 88.0 B.
9644.0 21980.0 584.0 108.0 Blakely,

9800.0 22128.0 540.0 116.0 Register.

8032.0 22312.0 284.0 88.0 First
8376.0 22312.0 256.0 88.0 Pub.
8700.0 22312.0 252.0 112.0 May
9016.0 22312.0 272.0 104.0 12th,
9360.0 22312.0 264.0 92.0 1916.

8032.0 22460.0 256.0 100.0 Lat
8340.0 22460.0 260.0 100.0 Pub.
8660.0 22464.0 280.0 96.0 June
8984.0 22464.0 224.0 108.0 9th,
9276.0 22464.0 268.0 92.0 1916.
10376.0 22400.0 24.0 224.0 j

11084.0 12640.0 72.0 252.0 I
11232.0 12648.0 212.0 208.0 A
11548.0 12656.0 804.0 252.0 curiosity
12452.0 12652.0 804.0 272.0 perhaps,
13364.0 12656.0 312.0 216.0 but
13824.0 12660.0 484.0 216.0 there
14424.0 12660.0 348.0 216.0 will

11212.0 12972.0 224.0 216.0 be
11568.0 13064.0 496.0 132.0 more
12224.0 12984.0 184.0 212.0 of
12556.0 12988.0 492.0 216.0 these
13208.0 12992.0 552.0 212.0 round
13924.0 12996.0 516.0 216.0 barns
14604.0 13008.0 172.0 208.0 in

11212.0 13308.0 508.0 216.0 Utah
11824.0 13320.0 620.0 216.0 within
12552.0 13324.0 304.0 212.0 the
12956.0 13384.0 412.0 156.0 next
13508.0 13328.0 356.0 212.0 few
13976.0 13424.0 540.0 172.0 years,

11460.0 13888.0 352.0 212.0 and
11944.0 13976.0 492.0 132.0 more
12584.0 13956.0 348.0 188.0 too,
13040.0 13900.0 188.0 212.0 of
13372.0 13904.0 464.0 264.0 good
13984.0 13908.0 516.0 216.0 barns
14596.0 13912.0 184.0 212.0 of

11204.0 14216.0 224.0 212.0 all
11524.0 14224.0 636.0 268.0 shapes
12256.0 14228.0 356.0 216.0 and
12708.0 14244.0 472.0 204.0 sizes.

11176.0 14792.0 376.0 176.0 Many
11620.0 14796.0 124.0 136.0 of
11836.0 14856.0 132.0 80.0 us
12048.0 14860.0 192.0 80.0 are
12336.0 14816.0 824.0 168.0 commencing
13252.0 14848.0 120.0 100.0 to
13476.0 14816.0 408.0 136.0 realize
13984.0 14816.0 244.0 136.0 that
14328.0 14820.0 448.0 168.0 putting

11152.0 15096.0 432.0 116.0 money
11676.0 15048.0 248.0 128.0 into
12028.0 15044.0 280.0 172.0 high
12424.0 15048.0 360.0 172.0 grade
12908.0 15056.0 908.0 172.0 improvements
13940.0 15064.0 88.0 132.0 is
14160.0 15056.0 416.0 176.0 simply
14700.0 15116.0 72.0 76.0 a

11156.0 15280.0 372.0 136.0 sound
11596.0 15284.0 492.0 136.0 method
12156.0 15288.0 124.0 136.0 of
12348.0 15296.0 440.0 168.0 saving.

11036.0 15764.0 48.0 164.0 I
11152.0 15760.0 276.0 140.0 The
11496.0 15764.0 328.0 176.0 plans
11896.0 15768.0 172.0 136.0 for
12164.0 15768.0 200.0 140.0 the
12460.0 15772.0 392.0 140.0 above
12964.0 15776.0 288.0 140.0 barn
13360.0 15836.0 316.0 84.0 were
13788.0 15820.0 392.0 136.0 gotten
14296.0 15820.0 200.0 100.0 out
14588.0 15784.0 180.0 136.0 for

11148.0 16068.0 228.0 76.0 one
11440.0 16008.0 120.0 136.0 of
11628.0 16060.0 216.0 84.0 our
11904.0 16052.0 656.0 100.0 customers
12624.0 16016.0 160.0 176.0 by
12856.0 16068.0 216.0 88.0 our
13136.0 16024.0 480.0 136.0 Service
13720.0 16024.0 504.0 140.0 Rureau.
14412.0 16024.0 352.0 168.0 They
15244.0 16068.0 16.0 44.0 '

11148.0 16300.0 200.0 88.0 are
11416.0 16308.0 148.0 80.0 on
11632.0 16252.0 184.0 136.0 file
11884.0 16292.0 120.0 100.0 at
12068.0 16316.0 204.0 76.0 our
12332.0 16260.0 348.0 172.0 yard.
12872.0 16260.0 264.0 140.0 Call
13208.0 16264.0 236.0 140.0 and
13516.0 16328.0 200.0 76.0 see
13784.0 16264.0 348.0 140.0 them.

10940.0 16952.0 168.0 140.0 B
11176.0 16956.0 1064.0 140.0 DNNEV!
12300.0 16960.0 484.0 140.0 LLE
13012.0 16960.0 1172.0 144.0 LUMBER
14360.0 16956.0 420.0 144.0 CD.

10936.0 17208.0 72.0 68.0 5
11060.0 17228.0 60.0 52.0 t
11184.0 17228.0 68.0 52.0 o
11316.0 17264.0 20.0 12.0 .
11532.0 17216.0 684.0 72.0 .Merrill
12384.0 17224.0 68.0 64.0 C
12528.0 17236.0 60.0 52.0 o
12788.0 17168.0 172.0 140.0 Gv3
13156.0 17228.0 324.0 64.0 ana
13636.0 17224.0 984.0 64.0 Associate
14712.0 17232.0 64.0 52.0 a

11988.0 17476.0 488.0 136.0 Milford
12656.0 17476.0 352.0 140.0 Lund
13192.0 17480.0 544.0 140.0 Modena

10688.0 18352.0 632.0 560.0 San
11632.0 18360.0 984.0 656.0 Diep
12944.0 18368.0 600.0 560.0 and
13864.0 18376.0 1136.0 552.0 Return

11704.0 19112.0 2264.0 672.0 $4022

11864.0 19924.0 312.0 116.0 VIA
12344.0 19928.0 392.0 116.0 LOS
12900.0 19936.0 936.0 120.0 ANGELES

11468.0 20172.0 584.0 76.0 TICKETS
12152.0 20172.0 192.0 80.0 ON
12452.0 20176.0 360.0 80.0 SALE
12928.0 20184.0 408.0 76.0 DAILY
13444.0 20188.0 788.0 84.0 BEGINNING

11264.0 20388.0 408.0 164.0 MAY
11796.0 20400.0 216.0 156.0 1st
12292.0 20388.0 400.0 168.0 Final
12812.0 20396.0 372.0 172.0 limit
13308.0 20404.0 652.0 168.0 October
14080.0 20420.0 320.0 160.0 31st

11808.0 20720.0 588.0 112.0 Stopovers
12468.0 20732.0 120.0 76.0 at
12656.0 20724.0 144.0 92.0 all
12872.0 20728.0 368.0 112.0 points
13316.0 20760.0 124.0 64.0 en
13520.0 20752.0 312.0 72.0 mute
15192.0 20696.0 32.0 292.0 j

10776.0 20952.0 432.0 124.0 Tickets
11316.0 20964.0 560.0 136.0 returning
11980.0 20964.0 172.0 112.0 via
12268.0 20956.0 220.0 124.0 San
12600.0 20960.0 608.0 140.0 Francisco,
13324.0 20968.0 500.0 124.0 Portland
13928.0 20980.0 216.0 116.0 and
14252.0 20976.0 412.0 124.0 Seattle
14772.0 20988.0 112.0 112.0 at

12008.0 21176.0 908.0 144.0 proportionately
13024.0 21180.0 200.0 120.0 low
13344.0 21180.0 300.0 124.0 fares

10660.0 21440.0 344.0 120.0 VISIT
11060.0 21444.0 268.0 116.0 THE
11412.0 21440.0 780.0 120.0 BEAUTIFUL
12280.0 21440.0 252.0 120.0 SAN
12620.0 21444.0 444.0 124.0 DIEGO
13160.0 21452.0 828.0 128.0 EXPOSITION
14152.0 21468.0 308.0 140.0 Open
14528.0 21468.0 140.0 116.0 all
14728.0 21468.0 272.0 120.0 Year
15044.0 21548.0 88.0 28.0 -

12576.0 21732.0 580.0 216.0 COX

10736.0 21920.0 132.0 124.0 T.
10948.0 21924.0 116.0 120.0 E.
11148.0 21924.0 632.0 132.0 BANNING,
11852.0 21928.0 352.0 140.0 Agent
12896.0 21900.0 308.0 192.0 VA
13340.0 21940.0 104.0 140.0 J-
13492.0 21948.0 128.0 120.0 H.
13672.0 21948.0 736.0 132.0 Manderfield,
14456.0 21948.0 532.0 124.0 A.G.P.A.

11040.0 22196.0 464.0 128.0 Milford,
11588.0 22196.0 288.0 124.0 Utah
12404.0 22104.0 800.0 244.0 WJ7
13544.0 22216.0 228.0 124.0 Salt
13832.0 22220.0 288.0 116.0 Lake
14180.0 22220.0 276.0 140.0 City,
14512.0 22220.0 288.0 120.0 Utah

11536.0 22920.0 48.0 64.0 1
