15252 22808
5864.0 496.0 680.0 116.0 BEAVER
6636.0 504.0 708.0 112.0 COUNTY
7424.0 508.0 532.0 124.0 NKWS.
8036.0 512.0 836.0 124.0 MILFORD.
8948.0 520.0 484.0 112.0 UTAH

488.0 2128.0 540.0 268.0 J"L
1072.0 2336.0 152.0 64.0 mi
1628.0 2324.0 216.0 84.0 tw4
2028.0 2328.0 272.0 88.0 tori
2468.0 2340.0 256.0 72.0 ua

512.0 3460.0 152.0 276.0 A
956.0 3512.0 1196.0 228.0 ANewton
2288.0 3520.0 312.0 228.0 D.
2724.0 3520.0 812.0 276.0 Baker,

480.0 3756.0 52.0 280.0 f
696.0 3812.0 1160.0 224.0 President
1944.0 3812.0 1076.0 236.0 tVilson's
3120.0 3904.0 520.0 148.0 new
3868.0 3756.0 708.0 324.0 M'W

768.0 4112.0 1140.0 288.0 Secretary
2000.0 4116.0 288.0 280.0 of
2332.0 4116.0 1208.0 292.0 fFar,for-
3752.0 4044.0 480.0 420.0 nfv

1904.0 4416.0 984.0 288.0 Mayor
3024.0 4424.0 316.0 288.0 of
3576.0 4412.0 164.0 272.0 A
3936.0 4352.0 92.0 332.0 I

1512.0 4708.0 1852.0 444.0 CklancLy
3708.0 4652.0 36.0 304.0 1

416.0 5580.0 364.0 836.0 Jr
892.0 5572.0 732.0 88.0 VEWTON
1692.0 5576.0 116.0 88.0 D.
1880.0 5576.0 560.0 108.0 BAKER,"
2508.0 5588.0 36.0 84.0 I
2612.0 5588.0 204.0 88.0 had
2888.0 5592.0 264.0 88.0 been
3220.0 5592.0 216.0 88.0 told

1192.0 5712.0 132.0 100.0 by
1396.0 5732.0 60.0 68.0 a
1528.0 5736.0 244.0 64.0 man
1848.0 5716.0 232.0 88.0 well
2156.0 5724.0 632.0 96.0 acquainted
2864.0 5732.0 252.0 88.0 with
3192.0 5732.0 248.0 100.0 him,

1192.0 5848.0 152.0 92.0 "is
1420.0 5852.0 180.0 88.0 the
1672.0 5852.0 248.0 88.0 kind
1992.0 5856.0 112.0 88.0 of
2176.0 5860.0 636.0 108.0 thoroughly
2880.0 5872.0 264.0 100.0 good
3224.0 5868.0 216.0 88.0 citi-

1196.0 6008.0 188.0 68.0 zen
1484.0 6012.0 156.0 64.0 we
1732.0 5992.0 144.0 88.0 all
1972.0 6016.0 460.0 84.0 approve
2528.0 6004.0 112.0 84.0 of
2736.0 6004.0 364.0 108.0 highly
3236.0 6004.0 204.0 88.0 and

752.0 6120.0 44.0 168.0 j
1208.0 6120.0 188.0 88.0 fall
1460.0 6128.0 108.0 84.0 to
1632.0 6124.0 456.0 92.0 Imitate!
2240.0 6128.0 164.0 92.0 He
2464.0 6132.0 196.0 92.0 has
2724.0 6140.0 268.0 104.0 lofty
3056.0 6140.0 364.0 92.0 ideals,

768.0 6220.0 20.0 192.0 j
960.0 6268.0 64.0 68.0 '
1188.0 6264.0 168.0 88.0 He
1400.0 6264.0 196.0 92.0 has
1648.0 6264.0 252.0 108.0 high
1956.0 6272.0 604.0 104.0 principles.
2680.0 6280.0 164.0 88.0 He
2896.0 6284.0 92.0 84.0 is
3044.0 6284.0 396.0 104.0 utterly

456.0 6416.0 472.0 148.0 fZjs
1192.0 6404.0 440.0 88.0 sincere.
1760.0 6408.0 160.0 88.0 He
1980.0 6408.0 88.0 88.0 is
2132.0 6404.0 376.0 112.0 simple
2568.0 6420.0 204.0 84.0 and
2836.0 6420.0 600.0 88.0 unaffected

464.0 6532.0 584.0 160.0 'XWX
1192.0 6540.0 252.0 88.0 both
1528.0 6544.0 104.0 88.0 In
1708.0 6544.0 448.0 104.0 thought
2232.0 6552.0 204.0 88.0 and
2512.0 6556.0 216.0 88.0 life.
2876.0 6560.0 160.0 88.0 He
3108.0 6560.0 192.0 84.0 has
3380.0 6580.0 60.0 64.0 a

1192.0 6680.0 312.0 104.0 clear,
1576.0 6684.0 904.0 108.0 well-disciplined
2556.0 6696.0 320.0 88.0 mind.
3016.0 6696.0 160.0 88.0 He
3244.0 6696.0 196.0 84.0 has

1188.0 6840.0 132.0 64.0 an
1380.0 6824.0 800.0 104.0 extraordinary
2240.0 6832.0 552.0 88.0 command
2848.0 6832.0 112.0 88.0 of
3016.0 6836.0 424.0 88.0 concise

1184.0 6956.0 208.0 88.0 and
1464.0 6960.0 488.0 88.0 effective
2024.0 6964.0 416.0 104.0 speech.
2576.0 6968.0 480.0 96.0 Without
3124.0 6972.0 316.0 104.0 beinrf

412.0 7164.0 8.0 16.0 .
548.0 7100.0 40.0 76.0 4
1188.0 7092.0 104.0 88.0 in
1388.0 7092.0 180.0 92.0 the
1664.0 7092.0 272.0 92.0 least
2028.0 7104.0 476.0 104.0 effusive,
2600.0 7104.0 132.0 92.0 he
2828.0 7112.0 88.0 84.0 is
3008.0 7136.0 60.0 64.0 a
3164.0 7112.0 264.0 100.0 good

412.0 7212.0 356.0 96.0 mixer.
916.0 7224.0 216.0 88.0 You
1212.0 7228.0 208.0 88.0 will
1496.0 7232.0 208.0 88.0 find
1776.0 7236.0 212.0 88.0 him
2064.0 7240.0 192.0 84.0 full
2332.0 7244.0 108.0 84.0 of
2516.0 7244.0 392.0 88.0 charm.
3048.0 7244.0 208.0 92.0 Out
3328.0 7248.0 104.0 88.0 in

412.0 7348.0 568.0 100.0 Cleveland
1052.0 7360.0 132.0 92.0 he
1244.0 7364.0 280.0 92.0 lived
1596.0 7372.0 104.0 84.0 in
1764.0 7396.0 64.0 64.0 a
1888.0 7372.0 412.0 96.0 modest
2372.0 7380.0 340.0 92.0 frame
2776.0 7384.0 332.0 88.0 house
3176.0 7388.0 252.0 84.0 with

412.0 7484.0 164.0 92.0 his
636.0 7496.0 244.0 84.0 wife
944.0 7500.0 204.0 84.0 and
1212.0 7500.0 304.0 92.0 three
1580.0 7508.0 504.0 104.0 children,
2152.0 7516.0 436.0 88.0 smoked
2656.0 7520.0 272.0 88.0 flake
2992.0 7524.0 440.0 88.0 tobacco

412.0 7624.0 108.0 88.0 In
608.0 7648.0 60.0 68.0 a
756.0 7632.0 400.0 92.0 25-cent
1236.0 7640.0 272.0 104.0 pipe,
1600.0 7644.0 320.0 92.0 drove
2008.0 7648.0 168.0 88.0 his
2264.0 7672.0 228.0 68.0 own
2584.0 7656.0 300.0 104.0 Ford,
2976.0 7660.0 204.0 88.0 and
3272.0 7664.0 168.0 84.0 for

412.0 7776.0 664.0 84.0 amusement
1160.0 7776.0 248.0 92.0 read
1500.0 7780.0 340.0 92.0 Greek
1924.0 7788.0 204.0 88.0 and
2212.0 7784.0 308.0 96.0 Latin
2612.0 7792.0 332.0 92.0 books
3032.0 7824.0 132.0 60.0 on
3252.0 7804.0 188.0 84.0 the

412.0 7908.0 332.0 84.0 street
832.0 7908.0 328.0 92.0 cars."
1312.0 7916.0 288.0 96.0 Thus
1684.0 7944.0 252.0 68.0 runs
2020.0 7944.0 132.0 72.0 an
2240.0 7932.0 376.0 88.0 article
2700.0 7932.0 136.0 104.0 by
2924.0 7936.0 504.0 88.0 Rowland

412.0 8032.0 456.0 104.0 Thomas
932.0 8040.0 100.0 100.0 In
1088.0 8052.0 184.0 92.0 the
1328.0 8056.0 256.0 96.0 New
1640.0 8060.0 284.0 96.0 York
1984.0 8064.0 384.0 96.0 World,

404.0 8224.0 16.0 60.0 i
532.0 8180.0 156.0 96.0 "It
740.0 8188.0 88.0 84.0 is
884.0 8192.0 632.0 112.0 interesting
1568.0 8204.0 108.0 88.0 to
1724.0 8204.0 444.0 104.0 notice,"
2212.0 8228.0 172.0 88.0 my
2432.0 8212.0 580.0 96.0 informant
3060.0 8220.0 372.0 104.0 added,

412.0 8316.0 292.0 96.0 "that
768.0 8320.0 132.0 96.0 ho
960.0 8324.0 92.0 96.0 Is
1116.0 8328.0 180.0 96.0 the
1356.0 8344.0 388.0 88.0 second
1808.0 8348.0 108.0 84.0 of
1980.0 8348.0 256.0 84.0 Tom
2296.0 8348.0 568.0 92.0 Johnson's
2928.0 8356.0 500.0 104.0 disciples

412.0 8456.0 108.0 88.0 to
588.0 8456.0 124.0 92.0 be
772.0 8464.0 304.0 92.0 lifted
1140.0 8472.0 224.0 88.0 into
1428.0 8480.0 680.0 100.0 prominence
2172.0 8484.0 132.0 108.0 by
2372.0 8488.0 564.0 96.0 President
3004.0 8496.0 424.0 88.0 Wilson.

416.0 8592.0 344.0 92.0 Brand
820.0 8600.0 528.0 100.0 Whitlock
1404.0 8612.0 88.0 88.0 is
1544.0 8616.0 184.0 88.0 the
1780.0 8620.0 332.0 88.0 other.
2228.0 8624.0 88.0 88.0 It
2372.0 8624.0 92.0 88.0 is
2516.0 8628.0 376.0 104.0 hardly
2948.0 8652.0 456.0 84.0 exagger-

412.0 8736.0 288.0 84.0 ation
760.0 8740.0 104.0 84.0 to
928.0 8764.0 188.0 80.0 say
1172.0 8748.0 232.0 88.0 that
1464.0 8752.0 344.0 88.0 Brand
1876.0 8756.0 560.0 108.0 Whitlock,
2500.0 8764.0 104.0 88.0 in
2668.0 8764.0 512.0 108.0 Belgium,
3236.0 8772.0 192.0 88.0 has

412.0 8872.0 388.0 100.0 proved
884.0 8876.0 436.0 96.0 himself
1400.0 8912.0 60.0 64.0 a
1540.0 8896.0 300.0 96.0 great
1920.0 8916.0 272.0 68.0 man.
2344.0 8900.0 240.0 88.0 Will
2668.0 8904.0 348.0 88.0 Baker
3100.0 8908.0 128.0 88.0 be
3312.0 8932.0 120.0 64.0 as

416.0 9012.0 588.0 88.0 successful
1144.0 9020.0 104.0 84.0 in
1392.0 9024.0 176.0 88.0 the
1708.0 9052.0 220.0 64.0 war
2064.0 9032.0 736.0 104.0 department?
2940.0 9044.0 492.0 108.0 Frankly,

412.0 9144.0 304.0 84.0 much
804.0 9172.0 120.0 64.0 as
1008.0 9152.0 44.0 88.0 I
1132.0 9156.0 216.0 88.0 like
1428.0 9160.0 216.0 92.0 him
1728.0 9172.0 632.0 104.0 personally,
2448.0 9176.0 36.0 84.0 I
2568.0 9200.0 168.0 64.0 am
2824.0 9184.0 608.0 104.0 wondering

416.0 9280.0 472.0 96.0 whether
948.0 9288.0 132.0 88.0 he
1140.0 9296.0 212.0 88.0 will
1420.0 9320.0 484.0 76.0 measure
1972.0 9328.0 132.0 84.0 up
2172.0 9312.0 104.0 84.0 to
2344.0 9316.0 184.0 84.0 the
2584.0 9312.0 212.0 104.0 Job.
2932.0 9316.0 308.0 92.0 What
3300.0 9320.0 132.0 88.0 he

412.0 9416.0 192.0 92.0 has
684.0 9420.0 268.0 96.0 done
1032.0 9428.0 132.0 92.0 he
1240.0 9432.0 196.0 92.0 has
1516.0 9440.0 268.0 92.0 done
1864.0 9444.0 268.0 92.0 well.
2280.0 9448.0 204.0 92.0 But
2616.0 9456.0 132.0 88.0 he
2828.0 9452.0 196.0 92.0 has
3104.0 9480.0 328.0 68.0 never

416.0 9552.0 260.0 92.0 been
748.0 9564.0 344.0 92.0 tested
1160.0 9580.0 184.0 84.0 out
1408.0 9576.0 104.0 88.0 in
1580.0 9584.0 336.0 100.0 really
1980.0 9584.0 176.0 108.0 big
2224.0 9592.0 396.0 92.0 affairs.
2756.0 9588.0 224.0 100.0 Has
3044.0 9596.0 140.0 92.0 he
3248.0 9600.0 180.0 92.0 the

416.0 9700.0 480.0 104.0 capacity
992.0 9708.0 164.0 84.0 for
1244.0 9708.0 356.0 96.0 them?
1752.0 9720.0 220.0 92.0 You
2064.0 9724.0 304.0 92.0 know
2460.0 9752.0 60.0 68.0 a
2612.0 9732.0 584.0 100.0 .38-caliber
416.0 9760.0 3024.0 160.0 re--volver

840.0 9860.0 244.0 84.0 may
1148.0 9844.0 128.0 92.0 be
1340.0 9872.0 64.0 68.0 a
1468.0 9856.0 408.0 100.0 perfect
1936.0 9884.0 436.0 84.0 weapon
2508.0 9892.0 116.0 68.0 as
2688.0 9896.0 64.0 64.0 a
2820.0 9880.0 484.0 88.0 revolver

412.0 9964.0 188.0 92.0 but
680.0 9972.0 184.0 88.0 fail
956.0 9976.0 648.0 120.0 lamentably
1684.0 9996.0 84.0 88.0 if
1844.0 10004.0 440.0 100.0 pressed
2368.0 10004.0 220.0 92.0 into
2676.0 10016.0 412.0 92.0 service
3164.0 10040.0 120.0 68.0 as
3368.0 10040.0 64.0 68.0 a

416.0 10120.0 488.0 80.0 Beacoast
964.0 10124.0 252.0 96.0 gun!
1360.0 10128.0 100.0 88.0 Is
1524.0 10132.0 444.0 92.0 Newton
2032.0 10140.0 116.0 88.0 D.
2204.0 10140.0 348.0 92.0 Baker
2612.0 10148.0 176.0 104.0 big
2848.0 10156.0 412.0 100.0 enough
3320.0 10160.0 108.0 84.0 to

436.0 10240.0 128.0 88.0 be
636.0 10256.0 544.0 104.0 secretary
1244.0 10260.0 112.0 84.0 of
1424.0 10284.0 220.0 68.0 war
1712.0 10272.0 108.0 84.0 at
1888.0 10292.0 64.0 68.0 a
2020.0 10276.0 256.0 84.0 time
2344.0 10280.0 212.0 88.0 like
2644.0 10288.0 272.0 84.0 this?
3064.0 10292.0 364.0 92.0 That's

416.0 10384.0 280.0 92.0 what
752.0 10388.0 180.0 92.0 I'm
996.0 10396.0 380.0 108.0 asking
1432.0 10408.0 416.0 100.0 myself.
1976.0 10412.0 360.0 92.0 That's
2404.0 10420.0 280.0 88.0 what
2748.0 10424.0 176.0 88.0 the
2988.0 10436.0 444.0 100.0 country

416.0 10520.0 88.0 92.0 Is
572.0 10528.0 380.0 108.0 asking
1020.0 10536.0 324.0 104.0 itself,
1416.0 10544.0 40.0 88.0 I
1524.0 10540.0 396.0 92.0 think."

536.0 10664.0 556.0 116.0 Naturally
1168.0 10676.0 308.0 100.0 those
1552.0 10692.0 476.0 92.0 remarks
2108.0 10720.0 188.0 68.0 ran
2372.0 10700.0 452.0 108.0 through
2908.0 10728.0 172.0 84.0 my
3160.0 10708.0 268.0 88.0 head

416.0 10828.0 116.0 68.0 as
616.0 10808.0 40.0 88.0 I
744.0 10812.0 356.0 92.0 talked
1184.0 10820.0 256.0 92.0 with
1524.0 10824.0 184.0 92.0 the
1788.0 10852.0 236.0 68.0 new
2108.0 10840.0 544.0 100.0 secretary
2736.0 10844.0 108.0 84.0 of
2928.0 10868.0 216.0 64.0 war
3224.0 10848.0 212.0 88.0 last

416.0 10948.0 320.0 84.0 week.
876.0 10952.0 40.0 84.0 I
988.0 10976.0 216.0 68.0 saw
1272.0 10960.0 216.0 88.0 him
1560.0 10964.0 340.0 104.0 twice,
1972.0 10992.0 264.0 68.0 once
2308.0 10976.0 104.0 84.0 in
2484.0 10976.0 164.0 88.0 his
2720.0 10980.0 416.0 88.0 modest
3204.0 10980.0 196.0 88.0 bed-

416.0 11104.0 288.0 68.0 room
784.0 11092.0 112.0 84.0 at
980.0 11092.0 176.0 88.0 the
1236.0 11092.0 620.0 116.0 University
1936.0 11104.0 268.0 104.0 club,
2284.0 11108.0 352.0 92.0 where
2716.0 11112.0 132.0 88.0 he
2932.0 11120.0 92.0 84.0 is
3104.0 11116.0 332.0 104.0 living

416.0 11220.0 164.0 92.0 for
628.0 11224.0 180.0 88.0 the
856.0 11236.0 432.0 96.0 present
1336.0 11256.0 120.0 64.0 as
1504.0 11260.0 60.0 64.0 a
1612.0 11236.0 496.0 96.0 bachelor
2160.0 11244.0 516.0 92.0 "because
2724.0 11252.0 180.0 88.0 the
2960.0 11252.0 472.0 92.0 children

412.0 11384.0 188.0 64.0 are
672.0 11364.0 104.0 84.0 In
852.0 11364.0 364.0 92.0 school
1284.0 11372.0 104.0 88.0 in
1464.0 11372.0 572.0 92.0 Cleveland
2108.0 11380.0 200.0 88.0 and
2384.0 11404.0 156.0 68.0 we
2612.0 11384.0 288.0 92.0 don't
2972.0 11396.0 284.0 80.0 want
3328.0 11392.0 108.0 88.0 to

416.0 11492.0 324.0 92.0 break
816.0 11504.0 220.0 84.0 into
1108.0 11504.0 280.0 92.0 their
1448.0 11512.0 352.0 100.0 year."
1932.0 11516.0 220.0 88.0 The
2220.0 11520.0 392.0 88.0 second
2684.0 11524.0 260.0 88.0 time
3012.0 11524.0 136.0 92.0 he
3216.0 11548.0 220.0 68.0 was

416.0 11636.0 108.0 88.0 In
600.0 11636.0 164.0 88.0 his
840.0 11640.0 292.0 88.0 office
1204.0 11644.0 108.0 88.0 in
1388.0 11648.0 184.0 88.0 the
1640.0 11672.0 220.0 64.0 war
1932.0 11652.0 700.0 108.0 department,
2704.0 11660.0 180.0 88.0 the
2960.0 11664.0 300.0 88.0 office
3328.0 11668.0 108.0 84.0 to

416.0 11772.0 344.0 88.0 which
856.0 11800.0 196.0 64.0 one
1152.0 11788.0 612.0 96.0 penetrates
1860.0 11788.0 452.0 104.0 through
2408.0 11792.0 232.0 92.0 that
2736.0 11800.0 324.0 88.0 dread
3156.0 11804.0 252.0 88.0 ante-

420.0 11912.0 500.0 88.0 chamber
968.0 11916.0 356.0 88.0 where
1376.0 11920.0 280.0 104.0 hang
1708.0 11924.0 180.0 92.0 the
1948.0 11928.0 508.0 104.0 portraits
2508.0 11936.0 112.0 84.0 of
2672.0 11936.0 140.0 84.0 all
2872.0 11936.0 184.0 88.0 the
3108.0 11940.0 292.0 100.0 previ-

416.0 12068.0 192.0 72.0 ous
684.0 12056.0 668.0 88.0 incumbents
1424.0 12060.0 112.0 88.0 of
1604.0 12060.0 180.0 92.0 the
1848.0 12064.0 328.0 92.0 office.

548.0 12188.0 152.0 92.0 On
792.0 12192.0 248.0 92.0 both
1124.0 12200.0 556.0 92.0 occasions
1768.0 12200.0 36.0 96.0 I
1888.0 12208.0 176.0 100.0 got
2152.0 12204.0 180.0 96.0 the
2420.0 12236.0 292.0 64.0 same
2800.0 12216.0 632.0 104.0 impression

420.0 12332.0 108.0 88.0 of
580.0 12332.0 184.0 88.0 the
816.0 12336.0 476.0 100.0 physical
1348.0 12360.0 272.0 72.0 man.
1740.0 12340.0 432.0 108.0 Nature,
2232.0 12344.0 104.0 88.0 in
2388.0 12352.0 468.0 100.0 molding
2912.0 12352.0 164.0 88.0 his
3136.0 12352.0 300.0 104.0 body,

420.0 12468.0 176.0 88.0 did
660.0 12496.0 64.0 60.0 a
780.0 12480.0 252.0 80.0 neat
1092.0 12472.0 208.0 100.0 Job.
1432.0 12480.0 160.0 88.0 He
1652.0 12484.0 92.0 84.0 is
1808.0 12504.0 64.0 64.0 a
1928.0 12484.0 552.0 104.0 markedly
2540.0 12488.0 304.0 84.0 small
2912.0 12512.0 276.0 80.0 man,
3256.0 12488.0 188.0 88.0 but

420.0 12612.0 104.0 84.0 in
592.0 12612.0 608.0 104.0 proportion
1268.0 12616.0 136.0 84.0 all
1472.0 12616.0 188.0 92.0 the
1720.0 12640.0 228.0 80.0 way
2020.0 12620.0 484.0 104.0 through.
2640.0 12624.0 200.0 84.0 His
2908.0 12624.0 532.0 88.0 littleness

420.0 12748.0 400.0 88.0 carries
896.0 12772.0 136.0 64.0 no
1104.0 12756.0 616.0 96.0 suggestion
1800.0 12756.0 108.0 84.0 of
1976.0 12756.0 180.0 88.0 the
2232.0 12756.0 528.0 92.0 dwarfish.
2904.0 12764.0 192.0 84.0 His
3168.0 12760.0 272.0 88.0 head

420.0 12888.0 96.0 84.0 Is
580.0 12884.0 320.0 104.0 large,
968.0 12888.0 180.0 88.0 but
1208.0 12896.0 184.0 80.0 not
1456.0 12892.0 408.0 100.0 enough
1932.0 12916.0 116.0 64.0 so
2108.0 12900.0 108.0 84.0 to
2280.0 12896.0 308.0 88.0 make
2648.0 12896.0 216.0 84.0 him
2928.0 12900.0 240.0 84.0 look
3232.0 12900.0 176.0 100.0 top-

420.0 13024.0 372.0 100.0 heavy.
932.0 13024.0 192.0 84.0 His
1188.0 13024.0 340.0 88.0 hands
1596.0 13028.0 208.0 88.0 and
1872.0 13032.0 220.0 84.0 feet
2156.0 13052.0 180.0 68.0 are
2400.0 13036.0 116.0 84.0 of
2580.0 13032.0 544.0 88.0 moderate
3196.0 13036.0 244.0 100.0 size,

424.0 13160.0 236.0 88.0 well
744.0 13160.0 408.0 88.0 formed
1236.0 13160.0 204.0 92.0 and
1520.0 13168.0 564.0 84.0 muscular.
2232.0 13168.0 160.0 88.0 He
2472.0 13168.0 192.0 84.0 has
2744.0 13192.0 56.0 64.0 a
2888.0 13168.0 300.0 88.0 chest
3272.0 13172.0 172.0 100.0 big

424.0 13300.0 412.0 100.0 enough
924.0 13300.0 108.0 88.0 to
1120.0 13300.0 444.0 88.0 breathe
1644.0 13304.0 136.0 96.0 in,
1864.0 13324.0 60.0 64.0 a
2008.0 13304.0 308.0 88.0 waist
2400.0 13304.0 336.0 88.0 which
2828.0 13308.0 396.0 84.0 carries
3312.0 13324.0 132.0 68.0 no

424.0 13436.0 440.0 104.0 adipose
948.0 13436.0 476.0 100.0 luggage.
1580.0 13440.0 196.0 84.0 His
1864.0 13440.0 240.0 88.0 skin
2192.0 13444.0 88.0 84.0 is
2372.0 13444.0 496.0 100.0 swarthy,
2956.0 13444.0 164.0 88.0 his
3212.0 13444.0 232.0 84.0 hair

424.0 13576.0 312.0 84.0 black
812.0 13572.0 200.0 88.0 and
1092.0 13576.0 488.0 100.0 straight.
1720.0 13576.0 84.0 84.0 A
1880.0 13580.0 232.0 100.0 pair
2184.0 13580.0 112.0 84.0 of
2364.0 13576.0 292.0 88.0 hazel
2744.0 13604.0 248.0 76.0 eyes
3072.0 13580.0 188.0 88.0 full
3336.0 13584.0 112.0 84.0 of

424.0 13712.0 220.0 100.0 life,
752.0 13712.0 180.0 88.0 but
1036.0 13712.0 872.0 100.0 comprehensive
2008.0 13712.0 360.0 88.0 rather
2468.0 13716.0 256.0 88.0 than
2828.0 13716.0 316.0 104.0 keen;
3264.0 13720.0 180.0 88.0 the

428.0 13852.0 272.0 84.0 wide
760.0 13852.0 360.0 84.0 mouth
1184.0 13848.0 112.0 88.0 of
1352.0 13872.0 132.0 68.0 an
1544.0 13852.0 360.0 84.0 orator
1964.0 13872.0 116.0 64.0 or
2136.0 13856.0 328.0 100.0 actor,
2524.0 13856.0 388.0 88.0 mobile
2972.0 13860.0 176.0 100.0 yet
3216.0 13856.0 228.0 88.0 firm

428.0 13992.0 112.0 84.0 of
596.0 13988.0 188.0 104.0 lip;
860.0 13988.0 180.0 84.0 the
1100.0 13988.0 284.0 84.0 brow
1444.0 13988.0 112.0 84.0 of
1608.0 14012.0 64.0 64.0 a
1728.0 13988.0 464.0 104.0 scholar;
2268.0 14012.0 60.0 64.0 a
2388.0 13988.0 232.0 92.0 face
2688.0 13996.0 100.0 84.0 in
2848.0 13988.0 424.0 108.0 general
3340.0 13996.0 104.0 88.0 in

432.0 14128.0 340.0 84.0 which
844.0 14128.0 180.0 84.0 the
1092.0 14120.0 808.0 108.0 perpendicular
1968.0 14128.0 268.0 84.0 lines
2308.0 14128.0 108.0 84.0 of
2488.0 14132.0 484.0 100.0 strength
3044.0 14156.0 180.0 68.0 are
3296.0 14156.0 120.0 68.0 ac-

428.0 14260.0 600.0 100.0 centuated,
1076.0 14284.0 60.0 64.0 a
1188.0 14280.0 440.0 68.0 manner
1680.0 14268.0 108.0 84.0 at
1840.0 14284.0 260.0 68.0 once
2152.0 14264.0 496.0 100.0 dignified
2704.0 14268.0 204.0 88.0 and
2960.0 14272.0 488.0 104.0 friendly,

428.0 14428.0 64.0 64.0 a
544.0 14404.0 440.0 96.0 bearing
1036.0 14396.0 340.0 88.0 which
1424.0 14400.0 40.0 84.0 I
1520.0 14400.0 372.0 84.0 should
1952.0 14400.0 196.0 88.0 call
2200.0 14404.0 528.0 88.0 attentive
2776.0 14408.0 360.0 84.0 rather
3192.0 14408.0 256.0 88.0 than

424.0 14544.0 280.0 88.0 alert
836.0 14540.0 304.0 84.0 these
1196.0 14556.0 180.0 68.0 are
1428.0 14536.0 180.0 88.0 the
1664.0 14536.0 860.0 92.0 characteristics
2580.0 14544.0 112.0 84.0 of
2740.0 14540.0 180.0 88.0 the
2976.0 14548.0 468.0 88.0 outward

428.0 14704.0 280.0 68.0 man.

560.0 14824.0 196.0 88.0 His
828.0 14832.0 560.0 100.0 mentality
1452.0 14832.0 92.0 88.0 is
1616.0 14836.0 184.0 84.0 not
1872.0 14852.0 116.0 64.0 so
2056.0 14832.0 328.0 104.0 easily
2460.0 14832.0 816.0 92.0 characterized.
3420.0 14832.0 24.0 80.0 I

436.0 14960.0 272.0 88.0 shall
768.0 14964.0 268.0 92.0 have
1096.0 14972.0 104.0 84.0 to
1252.0 14976.0 168.0 96.0 try
1472.0 14972.0 112.0 84.0 to
1636.0 14968.0 308.0 100.0 bring
1996.0 14972.0 80.0 84.0 it
2132.0 14972.0 180.0 84.0 out
2368.0 14972.0 164.0 84.0 for
2584.0 14992.0 200.0 80.0 you
2840.0 14976.0 100.0 84.0 in
3000.0 14996.0 56.0 64.0 a
3116.0 14972.0 336.0 84.0 series

428.0 15104.0 116.0 84.0 of
636.0 15104.0 364.0 88.0 rather
1096.0 15104.0 512.0 88.0 detached
1708.0 15104.0 536.0 104.0 glimpses,
2344.0 15128.0 116.0 64.0 as
2552.0 15104.0 132.0 92.0 he
2784.0 15108.0 428.0 84.0 himself
3312.0 15128.0 112.0 64.0 re-

432.0 15240.0 372.0 84.0 vealed
876.0 15240.0 80.0 88.0 it
1016.0 15248.0 108.0 80.0 to
1188.0 15264.0 160.0 64.0 me
1416.0 15244.0 100.0 84.0 in
1584.0 15240.0 180.0 88.0 the
1824.0 15260.0 372.0 68.0 course
2256.0 15244.0 112.0 84.0 of
2428.0 15264.0 188.0 68.0 our
2680.0 15244.0 772.0 88.0 conversation.

564.0 15376.0 212.0 88.0 Our
832.0 15380.0 224.0 84.0 talk
1120.0 15380.0 392.0 100.0 ranged
1576.0 15400.0 248.0 68.0 over
1884.0 15404.0 312.0 76.0 many
2260.0 15380.0 368.0 104.0 topics.
2756.0 15380.0 180.0 88.0 We
2996.0 15380.0 240.0 104.0 had,
3296.0 15384.0 160.0 84.0 for

436.0 15520.0 516.0 96.0 Instance,
1084.0 15516.0 260.0 84.0 been
1472.0 15516.0 516.0 104.0 speaking
2116.0 15520.0 108.0 84.0 of
2352.0 15520.0 176.0 84.0 the
2656.0 15520.0 800.0 100.0 extraordinary

436.0 15660.0 436.0 84.0 amount
960.0 15656.0 108.0 84.0 of
1156.0 15652.0 440.0 104.0 reading
1684.0 15660.0 112.0 84.0 of
1884.0 15652.0 508.0 88.0 standard
2488.0 15656.0 436.0 100.0 English
3020.0 15660.0 436.0 84.0 authors

432.0 15792.0 140.0 88.0 he
636.0 15792.0 200.0 88.0 had
908.0 15792.0 272.0 84.0 done
1244.0 15792.0 360.0 88.0 before
1668.0 15792.0 132.0 84.0 he
1868.0 15816.0 216.0 60.0 was
2148.0 15796.0 396.0 100.0 twenty
2612.0 15816.0 308.0 80.0 years
2988.0 15796.0 200.0 96.0 old,
3252.0 15792.0 204.0 88.0 and

432.0 15932.0 44.0 88.0 I
536.0 15932.0 328.0 88.0 asked
924.0 15932.0 216.0 84.0 him
1200.0 15928.0 476.0 88.0 whether
1732.0 15928.0 184.0 88.0 the
1976.0 15928.0 616.0 104.0 familiarity
2652.0 15932.0 108.0 84.0 of
2820.0 15932.0 164.0 84.0 his
3048.0 15932.0 412.0 88.0 mother

436.0 16076.0 392.0 96.0 tongue
904.0 16068.0 244.0 84.0 thus
1224.0 16068.0 492.0 96.0 acquired
1796.0 16068.0 200.0 84.0 had
2076.0 16072.0 180.0 80.0 not
2336.0 16068.0 260.0 84.0 been
2672.0 16088.0 132.0 64.0 an
2888.0 16072.0 572.0 96.0 important

440.0 16212.0 460.0 84.0 element
996.0 16208.0 104.0 80.0 in
1196.0 16204.0 160.0 84.0 his
1452.0 16204.0 424.0 84.0 various
1972.0 16224.0 584.0 68.0 successes.
2720.0 16204.0 156.0 84.0 He
2972.0 16208.0 272.0 84.0 said:
3360.0 16204.0 100.0 88.0 "1

436.0 16348.0 308.0 88.0 think
820.0 16344.0 232.0 84.0 that
1128.0 16344.0 88.0 84.0 is
1292.0 16348.0 264.0 76.0 true.
1700.0 16340.0 392.0 100.0 Ability
2172.0 16344.0 104.0 80.0 to
2356.0 16360.0 432.0 80.0 express
2868.0 16344.0 384.0 100.0 myself
3328.0 16348.0 104.0 80.0 ef-

436.0 16480.0 508.0 104.0 fectively
1000.0 16480.0 100.0 84.0 in
1160.0 16476.0 380.0 104.0 speech
1600.0 16476.0 192.0 88.0 has
1848.0 16476.0 260.0 88.0 been
2164.0 16480.0 112.0 80.0 of
2324.0 16484.0 300.0 92.0 great
2680.0 16476.0 308.0 88.0 value
3044.0 16488.0 104.0 80.0 to
3204.0 16476.0 256.0 92.0 me."

572.0 16636.0 252.0 84.0 This
904.0 16632.0 164.0 88.0 led
1148.0 16640.0 108.0 80.0 to
1332.0 16652.0 60.0 64.0 a
1468.0 16628.0 272.0 88.0 brief
1816.0 16628.0 372.0 88.0 sketch
2268.0 16628.0 108.0 84.0 of
2448.0 16628.0 168.0 88.0 his
2692.0 16620.0 488.0 108.0 personal
3268.0 16616.0 164.0 84.0 his-

440.0 16784.0 264.0 88.0 tory.
832.0 16772.0 188.0 84.0 Mr.
1080.0 16768.0 344.0 84.0 Baker
1480.0 16788.0 220.0 64.0 was
1756.0 16768.0 260.0 84.0 born
2076.0 16768.0 104.0 84.0 in
2248.0 16764.0 228.0 84.0 1871
2548.0 16768.0 100.0 84.0 in
2716.0 16756.0 748.0 96.0 Martinsburg,

436.0 16904.0 160.0 92.0 AV.
664.0 16908.0 208.0 100.0 Va.,
932.0 16928.0 60.0 64.0 a
1048.0 16904.0 640.0 100.0 community
1748.0 16904.0 108.0 84.0 of
1916.0 16900.0 268.0 100.0 P,000
2244.0 16924.0 476.0 80.0 persons,
2780.0 16896.0 456.0 84.0 wherein
3300.0 16888.0 164.0 88.0 his

444.0 17048.0 356.0 84.0 father
892.0 17064.0 216.0 64.0 was
1200.0 17044.0 180.0 84.0 the
1472.0 17040.0 420.0 104.0 leading
1984.0 17040.0 580.0 104.0 physician.
2728.0 17032.0 156.0 88.0 He
2984.0 17052.0 212.0 64.0 was
3288.0 17028.0 180.0 84.0 the

444.0 17184.0 392.0 88.0 second
928.0 17184.0 108.0 84.0 of
1124.0 17180.0 232.0 84.0 four
1444.0 17200.0 280.0 64.0 sons.
1884.0 17176.0 132.0 88.0 At
2100.0 17176.0 176.0 88.0 the
2368.0 17196.0 192.0 80.0 age
2652.0 17172.0 104.0 88.0 of
2848.0 17172.0 424.0 96.0 twenty,
3368.0 17164.0 100.0 84.0 in

444.0 17324.0 276.0 96.0 1891,
796.0 17320.0 132.0 84.0 he
1004.0 17316.0 484.0 88.0 received
1568.0 17316.0 164.0 84.0 his
1808.0 17316.0 384.0 100.0 degree
2264.0 17312.0 108.0 84.0 of
2448.0 17308.0 516.0 88.0 Bachelor
3036.0 17308.0 108.0 84.0 of
3220.0 17304.0 248.0 84.0 Arts

444.0 17464.0 276.0 84.0 from
784.0 17456.0 332.0 88.0 Johns
1188.0 17456.0 480.0 100.0 Hopkins
1736.0 17448.0 620.0 104.0 university,
2420.0 17448.0 392.0 100.0 having
2880.0 17436.0 584.0 104.0 completed

444.0 17600.0 184.0 84.0 the
696.0 17596.0 232.0 84.0 four
992.0 17612.0 312.0 84.0 years
1368.0 17612.0 372.0 64.0 course
1812.0 17592.0 96.0 80.0 In
1976.0 17588.0 300.0 84.0 three
2344.0 17604.0 340.0 84.0 years.
2816.0 17576.0 524.0 88.0 Followed
3412.0 17596.0 60.0 68.0 a

444.0 17756.0 256.0 84.0 year
760.0 17732.0 108.0 84.0 of
924.0 17728.0 508.0 104.0 graduate
1492.0 17728.0 284.0 84.0 work
1840.0 17728.0 100.0 84.0 in
2008.0 17724.0 396.0 84.0 Roman
2464.0 17724.0 228.0 96.0 law,
2756.0 17716.0 716.0 104.0 comparative

448.0 17868.0 808.0 104.0 Jurisprudence
1352.0 17864.0 200.0 84.0 and
1652.0 17860.0 628.0 96.0 economics,
2376.0 17860.0 200.0 88.0 and
2668.0 17860.0 252.0 84.0 then
3016.0 17856.0 164.0 84.0 his
3276.0 17852.0 196.0 84.0 law

452.0 18028.0 404.0 80.0 course,
916.0 18004.0 340.0 88.0 which
1316.0 18004.0 128.0 84.0 he
1504.0 18004.0 248.0 84.0 took
1808.0 18004.0 108.0 84.0 at
1980.0 18000.0 692.0 96.0 Washington
2732.0 17992.0 200.0 88.0 and
2996.0 17988.0 208.0 88.0 Lee
3268.0 17988.0 172.0 84.0 uni-

448.0 18144.0 440.0 100.0 versity,
980.0 18140.0 644.0 100.0 completing
1712.0 18136.0 180.0 88.0 the
1980.0 18140.0 208.0 80.0 two
2276.0 18132.0 340.0 104.0 years'
2708.0 18132.0 280.0 84.0 work
3088.0 18128.0 96.0 84.0 in
3280.0 18144.0 196.0 68.0 one

448.0 18308.0 288.0 80.0 year.
860.0 18280.0 336.0 84.0 "That
1256.0 18272.0 820.0 104.0 compression,"
2132.0 18272.0 136.0 84.0 he
2328.0 18268.0 216.0 88.0 told
2608.0 18292.0 196.0 72.0 me,
2868.0 18268.0 280.0 84.0 "was
3212.0 18264.0 268.0 84.0 done

452.0 18424.0 168.0 84.0 for
700.0 18416.0 364.0 100.0 family
1144.0 18432.0 444.0 68.0 reasons
1768.0 18412.0 376.0 96.0 Money
2228.0 18428.0 216.0 64.0 was
2524.0 18408.0 184.0 80.0 not
2792.0 18400.0 488.0 104.0 plentiful
3376.0 18396.0 96.0 92.0 in

452.0 18580.0 64.0 64.0 a
600.0 18560.0 440.0 92.0 country
1124.0 18548.0 456.0 88.0 doctor's
1664.0 18544.0 396.0 104.0 family,
2144.0 18544.0 200.0 88.0 and
2432.0 18544.0 304.0 84.0 there
2816.0 18564.0 276.0 60.0 were
3176.0 18536.0 300.0 88.0 other

456.0 18720.0 252.0 64.0 sons
792.0 18696.0 104.0 80.0 to
976.0 18684.0 536.0 92.0 educate."
1652.0 18684.0 308.0 84.0 After
2068.0 18684.0 164.0 80.0 his
2344.0 18676.0 620.0 104.0 graduation
3056.0 18676.0 100.0 84.0 in
3240.0 18668.0 240.0 88.0 1893

456.0 18832.0 192.0 88.0 Mr.
716.0 18828.0 344.0 84.0 Baker
1120.0 18828.0 280.0 96.0 hung
1468.0 18828.0 180.0 80.0 out
1708.0 18820.0 168.0 84.0 his
1940.0 18816.0 412.0 100.0 shinglo
2416.0 18820.0 100.0 80.0 in
2592.0 18812.0 716.0 100.0 Martinsburg
3372.0 18812.0 104.0 84.0 to

460.0 18972.0 464.0 84.0 indicate
996.0 18964.0 228.0 84.0 that
1292.0 18964.0 128.0 84.0 he
1492.0 18980.0 212.0 64.0 was
1772.0 18956.0 456.0 100.0 "willing
2296.0 18960.0 108.0 80.0 to
2472.0 18952.0 464.0 100.0 practice
3008.0 18948.0 288.0 96.0 law,"
3364.0 18968.0 120.0 64.0 as

452.0 19108.0 136.0 88.0 he
660.0 19112.0 244.0 96.0 puts
980.0 19104.0 108.0 96.0 It,
1164.0 19100.0 196.0 84.0 and
1440.0 19092.0 536.0 88.0 remained
2052.0 19096.0 100.0 80.0 in
2232.0 19092.0 228.0 84.0 that
2532.0 19088.0 536.0 100.0 receptive
3144.0 19084.0 304.0 88.0 condi-

464.0 19248.0 220.0 84.0 tion
756.0 19236.0 264.0 88.0 until
1096.0 19236.0 264.0 96.0 1896,
1428.0 19236.0 176.0 80.0 the
1668.0 19236.0 208.0 80.0 last
1948.0 19252.0 252.0 76.0 year
2264.0 19228.0 108.0 84.0 of
2436.0 19228.0 176.0 84.0 the
2684.0 19224.0 564.0 88.0 Cleveland
3324.0 19220.0 124.0 84.0 ad-

460.0 19380.0 748.0 128.0 ministration,
1300.0 19372.0 296.0 84.0 when
1732.0 19368.0 652.0 84.0 Postmaster
2504.0 19360.0 448.0 88.0 General
3084.0 19360.0 396.0 84.0 Wilson

456.0 19516.0 340.0 92.0 called
884.0 19516.0 208.0 84.0 him
1176.0 19520.0 108.0 80.0 to
1368.0 19508.0 692.0 100.0 Washington
2140.0 19512.0 108.0 76.0 to
2336.0 19504.0 120.0 84.0 be
2536.0 19500.0 164.0 84.0 his
2784.0 19500.0 408.0 100.0 private
3276.0 19516.0 176.0 64.0 sec-

460.0 19664.0 388.0 92.0 retary.
964.0 19652.0 96.0 80.0 "I
1104.0 19648.0 428.0 88.0 divided
1588.0 19664.0 168.0 80.0 my
1808.0 19648.0 204.0 80.0 two
2064.0 19660.0 304.0 64.0 cases
2424.0 19636.0 472.0 84.0 between
2952.0 19636.0 176.0 84.0 the
3180.0 19632.0 304.0 88.0 other

464.0 19796.0 528.0 88.0 members
1048.0 19788.0 108.0 84.0 of
1204.0 19788.0 180.0 84.0 the
1436.0 19784.0 264.0 84.0 local
1760.0 19780.0 280.0 92.0 bar."
2092.0 19776.0 128.0 88.0 he
2276.0 19772.0 212.0 88.0 told
2544.0 19796.0 196.0 72.0 me,
2796.0 19772.0 260.0 84.0 "and
3120.0 19768.0 364.0 88.0 went."

588.0 19936.0 112.0 80.0 In
772.0 19924.0 232.0 88.0 1899
1072.0 19928.0 184.0 84.0 Mr.
1320.0 19920.0 340.0 84.0 Baker
1720.0 19940.0 212.0 60.0 was
1996.0 19912.0 396.0 88.0 Invited
2452.0 19912.0 108.0 84.0 to
2620.0 19932.0 292.0 64.0 come
2976.0 19916.0 104.0 80.0 to
3140.0 19908.0 312.0 84.0 Cleve-

464.0 20068.0 280.0 96.0 land,
808.0 20064.0 144.0 100.0 O.,
1020.0 20084.0 116.0 64.0 as
1200.0 20084.0 60.0 60.0 a
1324.0 20060.0 428.0 100.0 partner
1816.0 20052.0 248.0 84.0 with
2140.0 20052.0 332.0 84.0 Foran
2540.0 20044.0 84.0 88.0 &
2696.0 20048.0 532.0 100.0 McTlgue,
3292.0 20064.0 196.0 64.0 one

460.0 20212.0 112.0 84.0 of
656.0 20208.0 176.0 84.0 the
916.0 20200.0 304.0 100.0 city's
1304.0 20192.0 420.0 100.0 leading
1808.0 20188.0 288.0 88.0 firms
2176.0 20188.0 112.0 84.0 of
2364.0 20188.0 244.0 84.0 trial
2700.0 20188.0 476.0 96.0 lawyers.
3332.0 20180.0 152.0 84.0 Ho

464.0 20348.0 280.0 84.0 went
836.0 20340.0 328.0 88.0 there,
1260.0 20340.0 212.0 80.0 met
1564.0 20332.0 252.0 80.0 Tom
1904.0 20328.0 476.0 80.0 Johnson
2476.0 20320.0 196.0 88.0 and
2772.0 20344.0 216.0 64.0 was
3080.0 20344.0 376.0 76.0 magny-

464.0 20484.0 324.0 96.0 tlzed;
896.0 20476.0 128.0 104.0 by
1116.0 20472.0 228.0 88.0 that
1432.0 20464.0 640.0 88.0 association
2168.0 20484.0 212.0 60.0 was
2468.0 20456.0 352.0 88.0 drawn
2916.0 20460.0 220.0 84.0 into
3224.0 20456.0 260.0 84.0 local

472.0 20624.0 420.0 100.0 politics
992.0 20612.0 196.0 88.0 and
1292.0 20608.0 200.0 84.0 had
1596.0 20608.0 480.0 80.0 fourteen
2180.0 20620.0 308.0 80.0 years
2584.0 20596.0 108.0 84.0 of
2784.0 20596.0 348.0 84.0 active
3228.0 20616.0 228.0 64.0 cam-

468.0 20756.0 500.0 108.0 paigning
1032.0 20752.0 324.0 88.0 there,
1416.0 20744.0 424.0 96.0 serving
1896.0 20740.0 232.0 80.0 four
2184.0 20740.0 328.0 80.0 terms
2568.0 20756.0 116.0 64.0 as
2744.0 20736.0 212.0 96.0 city
3020.0 20732.0 468.0 84.0 solicitor

468.0 20896.0 332.0 84.0 under
896.0 20892.0 364.0 92.0 Mayor
1344.0 20880.0 472.0 88.0 Johnson
1912.0 20876.0 200.0 84.0 and
2204.0 20876.0 204.0 80.0 two
2500.0 20876.0 328.0 76.0 terms
2924.0 20892.0 116.0 60.0 as
3132.0 20888.0 360.0 80.0 mayor

468.0 21036.0 284.0 84.0 after
820.0 21028.0 164.0 88.0 his
1060.0 21024.0 280.0 84.0 chief
1416.0 21040.0 212.0 60.0 was
1700.0 21008.0 492.0 104.0 deposed.
2336.0 21008.0 156.0 84.0 He
2564.0 21004.0 480.0 88.0 declined
3120.0 21012.0 104.0 76.0 to
3300.0 21024.0 188.0 64.0 run

472.0 21176.0 164.0 84.0 for
716.0 21192.0 56.0 60.0 a
856.0 21160.0 276.0 88.0 third
1224.0 21164.0 296.0 84.0 term,
1600.0 21152.0 200.0 84.0 and
1888.0 21148.0 200.0 84.0 had
2172.0 21144.0 220.0 100.0 Just
2476.0 21144.0 484.0 84.0 resumed
3048.0 21144.0 164.0 84.0 his
3300.0 21144.0 192.0 80.0 law

468.0 21308.0 468.0 104.0 practice
992.0 21304.0 104.0 80.0 at
1148.0 21296.0 176.0 84.0 the
1384.0 21288.0 568.0 100.0 beginning
2008.0 21288.0 104.0 80.0 of
2168.0 21284.0 212.0 84.0 this
2432.0 21304.0 252.0 80.0 year
2736.0 21280.0 296.0 84.0 when
3092.0 21280.0 128.0 84.0 he
3280.0 21300.0 212.0 60.0 was

468.0 21444.0 336.0 88.0 called
884.0 21448.0 104.0 76.0 to
1072.0 21428.0 716.0 100.0 Washington.

604.0 21580.0 584.0 88.0 Returning
1280.0 21576.0 104.0 76.0 to
1476.0 21588.0 188.0 60.0 our
1752.0 21560.0 316.0 100.0 topic,
2160.0 21556.0 32.0 88.0 I
2288.0 21556.0 324.0 84.0 asked
2712.0 21556.0 208.0 80.0 him
3012.0 21556.0 108.0 84.0 to
3220.0 21552.0 276.0 84.0 what

468.0 21720.0 312.0 88.0 other
844.0 21712.0 492.0 100.0 qualities
1408.0 21700.0 416.0 88.0 besides
1888.0 21696.0 164.0 84.0 his
2112.0 21692.0 372.0 100.0 ability
2548.0 21712.0 116.0 64.0 as
2728.0 21712.0 60.0 64.0 a
2852.0 21692.0 448.0 96.0 speaker
3368.0 21688.0 128.0 84.0 ho

472.0 21860.0 196.0 84.0 felt
744.0 21844.0 488.0 96.0 Indebted
1316.0 21848.0 156.0 80.0 for
1548.0 21840.0 276.0 80.0 what
1904.0 21836.0 128.0 84.0 he
2100.0 21828.0 204.0 88.0 had
2380.0 21824.0 812.0 104.0 accomplished.
3336.0 21824.0 160.0 84.0 He

464.0 21988.0 536.0 116.0 pondered
1076.0 21984.0 224.0 88.0 that
1372.0 21976.0 196.0 88.0 and
1644.0 21972.0 268.0 88.0 said:

3688.0 4404.0 56.0 608.0 j
5468.0 4388.0 32.0 28.0 '
8512.0 4268.0 92.0 308.0 y

7200.0 8328.0 56.0 476.0 J

3812.0 9632.0 532.0 116.0 "Looking
4412.0 9648.0 112.0 84.0 at
4588.0 9644.0 388.0 104.0 myself
5036.0 9640.0 784.0 108.0 Impersonally,
5892.0 9640.0 40.0 88.0 I
5996.0 9664.0 172.0 64.0 am
6236.0 9628.0 456.0 96.0 Inclined

3684.0 9780.0 112.0 84.0 to
3864.0 9780.0 308.0 88.0 think
4244.0 9784.0 40.0 84.0 I
4352.0 9784.0 276.0 88.0 have
4692.0 9804.0 64.0 64.0 a
4820.0 9804.0 256.0 84.0 very
5140.0 9780.0 412.0 104.0 patient
5620.0 9780.0 316.0 88.0 mind.
6072.0 9784.0 44.0 84.0 I
6188.0 9800.0 308.0 64.0 mean
6568.0 9772.0 132.0 104.0 by

3684.0 9912.0 236.0 92.0 that
3976.0 9940.0 64.0 64.0 a
4100.0 9916.0 284.0 88.0 mind
4448.0 9920.0 344.0 88.0 which
4848.0 9940.0 368.0 68.0 moves
5276.0 9920.0 400.0 100.0 slowly,
5736.0 9916.0 344.0 88.0 which
6144.0 9916.0 304.0 104.0 plods
6508.0 9912.0 168.0 88.0 for-

3688.0 10052.0 284.0 84.0 ward
4028.0 10056.0 412.0 84.0 Instead
4492.0 10056.0 112.0 84.0 of
4648.0 10056.0 452.0 100.0 dashing
5148.0 10080.0 116.0 60.0 or
5312.0 10056.0 452.0 100.0 leaping.
5880.0 10052.0 340.0 88.0 There
6272.0 10056.0 92.0 80.0 Is
6412.0 10048.0 260.0 88.0 noth-

3688.0 10184.0 180.0 104.0 ing
3936.0 10184.0 468.0 92.0 brilliant
4468.0 10192.0 324.0 84.0 about
4856.0 10192.0 108.0 88.0 It.
5092.0 10192.0 88.0 84.0 A
5244.0 10188.0 476.0 88.0 brilliant
5780.0 10188.0 320.0 100.0 mind,
6164.0 10188.0 84.0 88.0 it
6312.0 10188.0 396.0 84.0 strikes

3688.0 10340.0 200.0 84.0 me,
3956.0 10324.0 92.0 84.0 is
4108.0 10324.0 216.0 88.0 like
4388.0 10348.0 60.0 64.0 a
4512.0 10324.0 784.0 104.0 thoroughbred
5364.0 10324.0 344.0 100.0 horse,
5780.0 10324.0 264.0 100.0 good
6112.0 10328.0 164.0 84.0 for
6340.0 10344.0 60.0 64.0 a
6460.0 10340.0 244.0 68.0 race

3688.0 10456.0 192.0 84.0 but
3944.0 10460.0 568.0 88.0 afterward
4584.0 10460.0 456.0 104.0 needing
5104.0 10464.0 108.0 84.0 to
5280.0 10460.0 132.0 88.0 be
5476.0 10460.0 412.0 88.0 stabled
5960.0 10460.0 164.0 84.0 for
6192.0 10480.0 60.0 64.0 a
6320.0 10456.0 204.0 104.0 day
6592.0 10476.0 116.0 68.0 or

3692.0 10592.0 240.0 84.0 two.
4076.0 10596.0 176.0 100.0 My
4332.0 10596.0 288.0 84.0 mind
4700.0 10600.0 92.0 84.0 Is
4872.0 10596.0 216.0 88.0 like
5164.0 10620.0 64.0 64.0 a
5308.0 10596.0 272.0 104.0 plow
5660.0 10596.0 344.0 88.0 horee.
6152.0 10596.0 92.0 84.0 It
6328.0 10588.0 384.0 92.0 cannot

3692.0 10728.0 332.0 100.0 spurt,
4100.0 10728.0 184.0 88.0 but
4356.0 10728.0 84.0 88.0 it
4508.0 10752.0 196.0 68.0 can
4776.0 10752.0 128.0 80.0 go
4980.0 10752.0 132.0 68.0 on
5184.0 10732.0 436.0 100.0 turning
5688.0 10732.0 392.0 84.0 furrow
6156.0 10732.0 284.0 84.0 after
6508.0 10728.0 172.0 88.0 fur-

3692.0 10884.0 248.0 64.0 row.
4060.0 10864.0 276.0 88.0 That
4388.0 10864.0 204.0 88.0 lets
4644.0 10888.0 172.0 64.0 me
4868.0 10872.0 180.0 96.0 get
5100.0 10864.0 452.0 104.0 through
5612.0 10888.0 60.0 64.0 a
5724.0 10864.0 152.0 92.0 lot
5928.0 10868.0 108.0 84.0 of
6092.0 10868.0 316.0 84.0 work.

3820.0 10996.0 216.0 104.0 "By
4104.0 11020.0 60.0 64.0 a
4228.0 11000.0 412.0 100.0 patient
4708.0 11000.0 384.0 104.0 mind,"
5156.0 10996.0 136.0 92.0 he
5360.0 11008.0 280.0 80.0 went
5704.0 11020.0 164.0 80.0 on,
5940.0 11000.0 100.0 84.0 "I
6104.0 11000.0 232.0 88.0 also
6400.0 11016.0 308.0 68.0 mean

3692.0 11152.0 64.0 68.0 a
3812.0 11132.0 288.0 88.0 mind
4168.0 11132.0 340.0 88.0 which
4572.0 11136.0 252.0 88.0 does
4888.0 11140.0 184.0 84.0 not
5132.0 11136.0 240.0 100.0 leap
5432.0 11140.0 108.0 84.0 to
5604.0 11136.0 512.0 84.0 aftftudes
6176.0 11132.0 204.0 88.0 and
6448.0 11132.0 232.0 88.0 deci-

3692.0 11272.0 324.0 100.0 sions,
4088.0 11268.0 184.0 88.0 but
4336.0 11272.0 268.0 88.0 feels
4668.0 11272.0 140.0 88.0 Its
4876.0 11292.0 260.0 84.0 way.
5268.0 11268.0 228.0 88.0 And
5564.0 11292.0 64.0 64.0 a
5688.0 11268.0 288.0 88.0 mind
6044.0 11268.0 340.0 88.0 which
6456.0 11268.0 252.0 88.0 does

3692.0 11408.0 188.0 84.0 not
3956.0 11408.0 176.0 100.0 get
4208.0 11404.0 140.0 88.0 Its
4424.0 11408.0 268.0 84.0 back
4768.0 11424.0 136.0 88.0 up
4984.0 11404.0 364.0 108.0 easily.
5496.0 11408.0 620.0 104.0 Opposition
6192.0 11404.0 256.0 88.0 does
6528.0 11408.0 184.0 84.0 not

3692.0 11540.0 312.0 88.0 make
4060.0 11564.0 176.0 80.0 my
4300.0 11544.0 284.0 84.0 mind
4648.0 11540.0 404.0 100.0 bristle.
5176.0 11544.0 88.0 84.0 A
5324.0 11540.0 576.0 92.0 difference
5960.0 11544.0 112.0 84.0 of
6128.0 11540.0 428.0 104.0 opinion
6620.0 11536.0 88.0 88.0 Is

3692.0 11684.0 188.0 84.0 not
3948.0 11700.0 60.0 68.0 a
4076.0 11680.0 492.0 104.0 personal
4636.0 11680.0 300.0 108.0 thing
5000.0 11680.0 256.0 92.0 with
5328.0 11700.0 196.0 68.0 me.

3824.0 11816.0 292.0 88.0 "And
4184.0 11820.0 40.0 88.0 I
4288.0 11816.0 396.0 100.0 think,"
4748.0 11820.0 132.0 84.0 he
4952.0 11820.0 260.0 100.0 said,
5276.0 11816.0 168.0 88.0 his
5508.0 11816.0 260.0 88.0 dark
5844.0 11836.0 248.0 80.0 eyes
6156.0 11812.0 556.0 100.0 twinkling

3696.0 11952.0 208.0 88.0 and
3956.0 11956.0 164.0 84.0 his
4172.0 11956.0 272.0 88.0 wide
4496.0 11956.0 208.0 100.0 lips
4756.0 11952.0 492.0 104.0 quirking
5300.0 11952.0 252.0 88.0 with
5608.0 11952.0 220.0 100.0 fun,
5884.0 11952.0 144.0 88.0 "it
6080.0 11952.0 196.0 84.0 has
6332.0 11948.0 264.0 88.0 been
6656.0 11964.0 56.0 72.0 a

3696.0 12112.0 256.0 80.0 very
4020.0 12092.0 436.0 88.0 decided
4524.0 12088.0 600.0 104.0 advantage
5188.0 12092.0 108.0 84.0 to
5364.0 12108.0 168.0 68.0 me
5600.0 12092.0 108.0 80.0 to
5776.0 12088.0 128.0 84.0 be
5976.0 12108.0 116.0 64.0 so
6164.0 12084.0 276.0 88.0 little
6508.0 12080.0 204.0 88.0 and

3696.0 12232.0 108.0 88.0 to
3856.0 12228.0 240.0 88.0 look
4152.0 12252.0 116.0 64.0 so
4316.0 12248.0 376.0 80.0 young.
4804.0 12228.0 44.0 84.0 I
4900.0 12224.0 332.0 104.0 really
5280.0 12244.0 308.0 64.0 mean
5636.0 12220.0 328.0 100.0 that,"
6012.0 12220.0 132.0 88.0 he
6196.0 12216.0 516.0 92.0 hastened

3696.0 12368.0 112.0 84.0 to
3864.0 12364.0 200.0 88.0 add
4124.0 12360.0 204.0 92.0 and
4388.0 12360.0 280.0 88.0 cited
4724.0 12364.0 208.0 84.0 two
4988.0 12360.0 544.0 88.0 Instances
5588.0 12360.0 108.0 84.0 in
5756.0 12360.0 676.0 84.0 Illustration.
6492.0 12352.0 224.0 92.0 One

3696.0 12524.0 220.0 64.0 was
3968.0 12500.0 168.0 84.0 his
4192.0 12500.0 560.0 100.0 argument
4800.0 12496.0 368.0 88.0 before
5220.0 12496.0 180.0 88.0 the
5456.0 12492.0 508.0 104.0 Supreme
6020.0 12496.0 304.0 84.0 court
6376.0 12492.0 108.0 84.0 of
6536.0 12492.0 180.0 88.0 the

3700.0 12636.0 392.0 88.0 United
4164.0 12636.0 356.0 84.0 States
4588.0 12636.0 104.0 84.0 in
4760.0 12632.0 184.0 88.0 the
5012.0 12632.0 568.0 88.0 Cleveland
5644.0 12632.0 460.0 84.0 traction
6176.0 12652.0 336.0 76.0 cases,
6584.0 12648.0 132.0 64.0 an

3700.0 12776.0 560.0 96.0 argument
4320.0 12768.0 340.0 88.0 which
4728.0 12768.0 528.0 88.0 attracted
5324.0 12768.0 188.0 88.0 the
5572.0 12768.0 540.0 100.0 flattering
6172.0 12764.0 548.0 88.0 favorable

3704.0 12908.0 528.0 88.0 comment
4284.0 12908.0 108.0 84.0 of
4444.0 12908.0 180.0 84.0 the
4676.0 12904.0 432.0 88.0 learned
5160.0 12904.0 476.0 100.0 Justices.
5756.0 12900.0 220.0 88.0 The
6032.0 12900.0 304.0 88.0 other
6388.0 12920.0 216.0 64.0 was
6660.0 12916.0 60.0 68.0 a

3704.0 13044.0 384.0 100.0 speech
4152.0 13044.0 340.0 84.0 which
4556.0 13064.0 216.0 64.0 was
4832.0 13060.0 200.0 68.0 one
5088.0 13040.0 112.0 84.0 of
5260.0 13040.0 180.0 84.0 the
5500.0 13036.0 688.0 100.0 outstanding
6248.0 13036.0 472.0 84.0 features

3700.0 13180.0 112.0 88.0 of
3852.0 13240.0 28.0 32.0 3
3912.0 13180.0 184.0 84.0 the
4196.0 13176.0 576.0 88.0 Baltimore
4868.0 13176.0 632.0 88.0 convention
5636.0 13172.0 336.0 88.0 which
6108.0 13168.0 608.0 88.0 nominated

3704.0 13316.0 560.0 88.0 President
4324.0 13312.0 432.0 92.0 Wilson.

3832.0 13452.0 504.0 88.0 "Neither
4428.0 13452.0 108.0 84.0 of
4624.0 13448.0 400.0 100.0 those,"
5116.0 13448.0 132.0 88.0 he
5340.0 13444.0 692.0 100.0 commented,
6128.0 13444.0 364.0 88.0 "could
6592.0 13444.0 128.0 104.0 by

3704.0 13612.0 208.0 80.0 any
3976.0 13588.0 592.0 100.0 stretching
4632.0 13588.0 112.0 84.0 of
4804.0 13584.0 344.0 88.0 words
5216.0 13584.0 128.0 88.0 be
5404.0 13584.0 340.0 88.0 called
5812.0 13608.0 60.0 60.0 a
5936.0 13584.0 300.0 100.0 great
6304.0 13580.0 416.0 104.0 speech.

3704.0 13728.0 224.0 88.0 The
4032.0 13724.0 420.0 88.0 natural
4560.0 13720.0 892.0 88.0 fairmindedness
5560.0 13720.0 112.0 88.0 of
5772.0 13740.0 240.0 64.0 men
6116.0 13740.0 220.0 60.0 was
6440.0 13716.0 280.0 88.0 what

3708.0 13864.0 348.0 108.0 pulled
4156.0 13884.0 168.0 64.0 me
4416.0 13860.0 448.0 104.0 through
4968.0 13860.0 104.0 84.0 In
5168.0 13856.0 248.0 84.0 both
5512.0 13876.0 332.0 64.0 cases.
6000.0 13856.0 40.0 84.0 I
6132.0 13852.0 376.0 88.0 looked
6604.0 13872.0 116.0 68.0 so

3704.0 13996.0 732.0 108.0 handicapped
4528.0 13996.0 236.0 88.0 that
4852.0 14016.0 176.0 84.0 my
5116.0 13992.0 436.0 88.0 hearers
5644.0 13988.0 224.0 88.0 said
5964.0 13988.0 760.0 104.0 Instinctively,

3708.0 14140.0 292.0 88.0 'Give
4060.0 14140.0 176.0 88.0 the
4304.0 14136.0 196.0 104.0 boy
4564.0 14156.0 64.0 68.0 a
4684.0 14124.0 584.0 96.0 chance!'"

3840.0 14280.0 276.0 92.0 Such
4228.0 14276.0 256.0 104.0 cool,
4592.0 14276.0 392.0 88.0 almost
5084.0 14272.0 544.0 88.0 academic
5732.0 14264.0 712.0 104.0 self-analysis
6556.0 14260.0 164.0 88.0 led

3708.0 14444.0 168.0 64.0 me
3932.0 14424.0 112.0 84.0 to
4100.0 14416.0 196.0 88.0 ask
4356.0 14416.0 216.0 84.0 him
4632.0 14416.0 232.0 84.0 how
4928.0 14412.0 188.0 84.0 life
5180.0 14412.0 368.0 84.0 struck
5608.0 14408.0 248.0 100.0 him,
5920.0 14428.0 120.0 64.0 so
6100.0 14408.0 108.0 84.0 to
6272.0 14404.0 328.0 100.0 speak

3712.0 14560.0 284.0 84.0 what
4044.0 14556.0 572.0 88.0 ambitions
4668.0 14556.0 80.0 84.0 it
4804.0 14548.0 384.0 88.0 stirred
5244.0 14548.0 100.0 84.0 in
5400.0 14548.0 244.0 84.0 him.
5764.0 14540.0 204.0 88.0 "I'd
6020.0 14540.0 212.0 84.0 like
6288.0 14544.0 108.0 80.0 to
6448.0 14556.0 248.0 84.0 prac-

3712.0 14700.0 212.0 84.0 tice
4012.0 14692.0 292.0 100.0 law,"
4396.0 14692.0 132.0 84.0 he
4616.0 14684.0 256.0 92.0 said.
5032.0 14684.0 336.0 88.0 "That
5456.0 14684.0 88.0 84.0 is
5640.0 14700.0 168.0 84.0 my
5896.0 14700.0 200.0 64.0 one
6188.0 14676.0 536.0 88.0 ambition.

3716.0 14836.0 340.0 84.0 There
4120.0 14832.0 88.0 84.0 is
4268.0 14848.0 132.0 68.0 no
4460.0 14828.0 296.0 84.0 office
4816.0 14844.0 116.0 68.0 or
4996.0 14820.0 460.0 104.0 position
5524.0 14820.0 228.0 84.0 that
5812.0 14816.0 36.0 84.0 I
5912.0 14836.0 240.0 68.0 care
6212.0 14816.0 192.0 80.0 for.
6532.0 14808.0 200.0 88.0 But

3712.0 14972.0 148.0 84.0 I'd
3920.0 14972.0 216.0 84.0 like
4200.0 14972.0 108.0 80.0 to
4372.0 14960.0 452.0 108.0 practice
4880.0 14956.0 204.0 84.0 and
5140.0 14956.0 468.0 100.0 practice
5660.0 14948.0 204.0 88.0 and
5920.0 14948.0 468.0 104.0 practice
6440.0 14940.0 288.0 92.0 law."

3844.0 15104.0 452.0 88.0 Further
4340.0 15100.0 224.0 88.0 talk
4608.0 15100.0 316.0 96.0 along
4976.0 15096.0 228.0 84.0 that
5256.0 15092.0 208.0 88.0 line
5516.0 15092.0 576.0 96.0 developed
6116.0 15088.0 212.0 88.0 "the
6372.0 15084.0 364.0 88.0 rather

3716.0 15244.0 632.0 96.0 interesting
4420.0 15240.0 220.0 84.0 fact
4708.0 15236.0 236.0 88.0 that
5016.0 15232.0 180.0 88.0 the
5264.0 15252.0 228.0 64.0 new
5560.0 15228.0 544.0 96.0 secretary
6176.0 15224.0 108.0 88.0 of
6356.0 15244.0 216.0 68.0 war
6644.0 15220.0 88.0 88.0 is

3716.0 15404.0 200.0 64.0 one
3988.0 15380.0 108.0 84.0 of
4164.0 15380.0 304.0 84.0 those
4536.0 15396.0 236.0 64.0 men
4844.0 15368.0 232.0 88.0 who
5152.0 15388.0 280.0 64.0 seem
5508.0 15368.0 104.0 84.0 to
5684.0 15364.0 272.0 84.0 have
6024.0 15364.0 260.0 84.0 been
6360.0 15356.0 372.0 92.0 moved

3720.0 15516.0 452.0 88.0 forward
4268.0 15516.0 124.0 96.0 by
4484.0 15512.0 180.0 84.0 the
4748.0 15508.0 432.0 100.0 urgings
5268.0 15500.0 204.0 88.0 and
5564.0 15500.0 608.0 104.0 propulsion
6264.0 15500.0 108.0 84.0 of
6460.0 15496.0 280.0 84.0 their

3720.0 15652.0 404.0 88.0 friends
4208.0 15648.0 416.0 88.0 instead
4708.0 15648.0 108.0 84.0 of
4892.0 15640.0 448.0 104.0 fighting
5420.0 15636.0 452.0 84.0 forward
5960.0 15636.0 108.0 84.0 of
6148.0 15632.0 276.0 88.0 their
6504.0 15652.0 228.0 64.0 own

3724.0 15792.0 376.0 88.0 accord
4200.0 15788.0 104.0 84.0 in
4396.0 15804.0 508.0 80.0 response
5000.0 15784.0 104.0 80.0 to
5196.0 15800.0 132.0 64.0 an
5428.0 15776.0 296.0 84.0 inner
5820.0 15772.0 476.0 100.0 impulse.
6456.0 15768.0 248.0 88.0 Post-

3720.0 15932.0 400.0 84.0 master
4192.0 15920.0 448.0 88.0 General
4712.0 15916.0 404.0 88.0 Wilson
5184.0 15912.0 140.0 88.0 all
5396.0 15912.0 180.0 88.0 but
5644.0 15908.0 460.0 104.0 dragged
6180.0 15908.0 212.0 84.0 him
6468.0 15908.0 268.0 80.0 from

3720.0 16064.0 168.0 88.0 his
3976.0 16060.0 740.0 88.0 brleflessness
4808.0 16052.0 104.0 88.0 In
5004.0 16048.0 716.0 100.0 Martinsburg
5804.0 16052.0 108.0 80.0 to
6000.0 16048.0 176.0 96.0 get
6260.0 16044.0 164.0 84.0 his
6512.0 16040.0 228.0 84.0 first

3724.0 16204.0 280.0 84.0 taste
4072.0 16200.0 108.0 84.0 of
4244.0 16196.0 424.0 84.0 cabinet
4728.0 16212.0 288.0 76.0 ways
5080.0 16184.0 204.0 88.0 and
5348.0 16184.0 348.0 88.0 duties
5764.0 16180.0 200.0 88.0 and
6032.0 16180.0 676.0 104.0 responsibili-

3724.0 16344.0 236.0 80.0 ties.
4100.0 16332.0 388.0 84.0 Martin
4564.0 16328.0 340.0 84.0 Foran
4980.0 16324.0 460.0 96.0 dragged
5520.0 16320.0 208.0 84.0 him
5808.0 16324.0 104.0 84.0 to
5988.0 16316.0 564.0 88.0 Cleveland
6636.0 16320.0 104.0 84.0 to

3728.0 16476.0 432.0 84.0 become
4216.0 16492.0 56.0 60.0 a
4328.0 16468.0 244.0 84.0 trial
4624.0 16468.0 420.0 96.0 lawyer.
5164.0 16464.0 260.0 80.0 Tom
5480.0 16456.0 472.0 88.0 Johnson
6012.0 16452.0 460.0 104.0 dragged
6528.0 16452.0 212.0 88.0 him

3732.0 16612.0 220.0 84.0 into
4068.0 16604.0 452.0 108.0 politics.
4700.0 16600.0 224.0 84.0 And
5040.0 16596.0 548.0 84.0 Woodrow
5708.0 16592.0 396.0 88.0 Wilson
6220.0 16596.0 192.0 84.0 has
6524.0 16588.0 220.0 104.0 Just

3728.0 16744.0 464.0 100.0 dragged
4268.0 16744.0 212.0 80.0 him
4560.0 16744.0 108.0 80.0 to
4740.0 16736.0 184.0 88.0 the
4992.0 16756.0 216.0 64.0 war
5280.0 16732.0 696.0 100.0 department.

3856.0 16880.0 220.0 84.0 The
4168.0 16876.0 832.0 88.0 circumstances
5084.0 16872.0 112.0 84.0 of
5280.0 16872.0 180.0 84.0 the
5548.0 16868.0 336.0 84.0 Foran
5980.0 16888.0 248.0 64.0 case
6312.0 16888.0 184.0 64.0 are
6580.0 16884.0 136.0 64.0 un-

3732.0 17016.0 296.0 88.0 usual
4092.0 17016.0 412.0 100.0 enough
4564.0 17016.0 108.0 84.0 to
4732.0 17008.0 440.0 104.0 partake
5232.0 17008.0 108.0 84.0 of
5392.0 17004.0 180.0 84.0 the
5632.0 17004.0 544.0 88.0 romantic.
6304.0 17004.0 108.0 84.0 In
6476.0 17000.0 268.0 100.0 1897,

3732.0 17156.0 300.0 84.0 when
4088.0 17152.0 184.0 88.0 the
4324.0 17172.0 344.0 80.0 young
4748.0 17144.0 172.0 88.0 ind
4980.0 17144.0 216.0 84.0 still
5256.0 17164.0 464.0 80.0 younger
5776.0 17140.0 424.0 100.0 looking
6260.0 17144.0 488.0 96.0 attorney

3732.0 17312.0 216.0 64.0 was
4028.0 17288.0 552.0 100.0 returning
4664.0 17288.0 268.0 84.0 from
5012.0 17284.0 168.0 84.0 his
5264.0 17276.0 228.0 88.0 first
5572.0 17280.0 256.0 84.0 visit
5904.0 17280.0 108.0 84.0 to
6096.0 17280.0 440.0 96.0 Europe,
6616.0 17272.0 136.0 88.0 he

3644.0 17484.0 20.0 24.0 .
3740.0 17452.0 216.0 64.0 was
4012.0 17428.0 284.0 84.0 table
4348.0 17428.0 284.0 84.0 mate
4684.0 17424.0 112.0 84.0 of
4844.0 17420.0 180.0 88.0 the
5080.0 17420.0 212.0 84.0 late
5348.0 17416.0 148.0 88.0 W.
5552.0 17416.0 112.0 84.0 T.
5724.0 17412.0 316.0 88.0 Stead
6092.0 17412.0 204.0 88.0 and
6352.0 17436.0 60.0 64.0 a
6464.0 17412.0 252.0 84.0 mild-

3736.0 17564.0 604.0 100.0 mannered,
4440.0 17564.0 444.0 96.0 retiring
4984.0 17556.0 440.0 100.0 English
5528.0 17556.0 536.0 84.0 barrister.
6232.0 17552.0 224.0 84.0 One
6552.0 17548.0 196.0 104.0 day

3736.0 17704.0 344.0 88.0 Baker
4132.0 17724.0 292.0 64.0 came
4480.0 17724.0 128.0 64.0 on
4664.0 17696.0 264.0 88.0 deck
4984.0 17700.0 108.0 80.0 to
5144.0 17692.0 212.0 84.0 find
5412.0 17692.0 176.0 84.0 the
5644.0 17688.0 512.0 84.0 barrister
6216.0 17688.0 100.0 88.0 in
6372.0 17712.0 60.0 64.0 a
6492.0 17688.0 256.0 100.0 peck

3728.0 17844.0 112.0 88.0 of
3916.0 17840.0 444.0 92.0 trouble.
4504.0 17836.0 88.0 84.0 A
4672.0 17836.0 508.0 96.0 stalwart,
5268.0 17828.0 592.0 100.0 lawyerish,
5944.0 17824.0 424.0 88.0 six-foot
6452.0 17824.0 268.0 84.0 Irish-

3732.0 18000.0 276.0 76.0 man,
4072.0 17976.0 188.0 88.0 full
4328.0 17976.0 108.0 84.0 of
4496.0 17972.0 360.0 88.0 Gaelic
4920.0 17968.0 216.0 100.0 fire,
5200.0 17964.0 204.0 88.0 had
5472.0 17964.0 444.0 100.0 waylaid
5984.0 17964.0 216.0 84.0 him
6264.0 17960.0 204.0 88.0 and
6536.0 17980.0 216.0 68.0 was

3740.0 18116.0 508.0 100.0 charging
4344.0 18112.0 244.0 100.0 him,
4688.0 18108.0 104.0 84.0 in
4888.0 18108.0 164.0 84.0 his
5152.0 18124.0 228.0 68.0 own
5480.0 18124.0 416.0 80.0 person,
5992.0 18100.0 248.0 84.0 with
6340.0 18100.0 136.0 84.0 all
6576.0 18100.0 180.0 84.0 the

3732.0 18276.0 420.0 76.0 wrongs
4224.0 18244.0 480.0 104.0 England
4772.0 18244.0 204.0 88.0 had
5048.0 18264.0 248.0 64.0 ever
5360.0 18236.0 676.0 108.0 perpetrated
6108.0 18256.0 132.0 68.0 on
6312.0 18236.0 184.0 88.0 the
6560.0 18232.0 164.0 88.0 dis-

3736.0 18392.0 440.0 84.0 tressful
4272.0 18388.0 472.0 100.0 country.
4900.0 18380.0 104.0 88.0 "I
5096.0 18376.0 552.0 104.0 happened
5744.0 18380.0 104.0 80.0 to
5948.0 18372.0 124.0 88.0 be
6164.0 18372.0 360.0 84.0 rather
6620.0 18372.0 104.0 84.0 fa-

3736.0 18528.0 352.0 88.0 miliar
4176.0 18524.0 248.0 88.0 with
4516.0 18524.0 180.0 84.0 the
4784.0 18516.0 268.0 92.0 Irish
5144.0 18512.0 244.0 88.0 land
5480.0 18508.0 352.0 100.0 laws,"
5928.0 18532.0 112.0 64.0 so
6136.0 18512.0 184.0 84.0 Mr.
6416.0 18508.0 344.0 84.0 Baker

3740.0 18668.0 240.0 84.0 tells
4076.0 18668.0 108.0 96.0 it,
4272.0 18660.0 264.0 88.0 "and
4628.0 18652.0 544.0 92.0 contrived
5268.0 18656.0 100.0 80.0 to
5460.0 18648.0 576.0 88.0 substitute
6124.0 18648.0 388.0 104.0 myself
6596.0 18648.0 164.0 84.0 for

3736.0 18804.0 180.0 84.0 the
3996.0 18800.0 508.0 88.0 barrister
4580.0 18800.0 104.0 80.0 in
4756.0 18792.0 180.0 88.0 the
5008.0 18792.0 588.0 100.0 argument.
5736.0 18784.0 224.0 84.0 The
6036.0 18784.0 384.0 100.0 upshot
6568.0 18784.0 36.0 84.0 f
6680.0 18784.0 76.0 84.0 it

3740.0 18964.0 216.0 60.0 was
4020.0 18936.0 232.0 88.0 that
4316.0 18956.0 172.0 76.0 my
4552.0 18932.0 532.0 100.0 opponent
5148.0 18924.0 204.0 88.0 and
5416.0 18924.0 40.0 84.0 I
5520.0 18924.0 432.0 84.0 became
6020.0 18920.0 264.0 100.0 good
6356.0 18920.0 400.0 84.0 friends

3740.0 19080.0 204.0 84.0 and
4032.0 19076.0 312.0 100.0 spent
4428.0 19068.0 176.0 88.0 the
4688.0 19068.0 224.0 84.0 rest
4992.0 19064.0 108.0 84.0 of
5180.0 19064.0 180.0 84.0 the
5444.0 19080.0 404.0 80.0 voyage
5936.0 19056.0 420.0 104.0 playing
6448.0 19060.0 304.0 84.0 chess

3744.0 19212.0 512.0 104.0 together.
4396.0 19208.0 184.0 84.0 We
4648.0 19204.0 368.0 104.0 parted
5092.0 19204.0 100.0 80.0 in
5264.0 19196.0 256.0 88.0 New
5588.0 19196.0 308.0 84.0 York.
6036.0 19196.0 36.0 84.0 I
6148.0 19200.0 276.0 80.0 went
6496.0 19196.0 260.0 84.0 back

3740.0 19360.0 104.0 80.0 to
3928.0 19344.0 748.0 100.0 Martinsburg,
4756.0 19340.0 200.0 88.0 and
5040.0 19360.0 132.0 64.0 no
5252.0 19336.0 280.0 84.0 word
5616.0 19332.0 384.0 100.0 passed
6084.0 19332.0 472.0 84.0 between
6640.0 19356.0 116.0 64.0 us

3736.0 19492.0 164.0 84.0 for
3992.0 19492.0 200.0 80.0 two
4284.0 19504.0 336.0 80.0 years.
4776.0 19476.0 292.0 88.0 Then
5156.0 19476.0 180.0 84.0 the
5428.0 19496.0 240.0 60.0 man
5808.0 19472.0 388.0 84.0 Martin
6296.0 19468.0 336.0 88.0 Foran

3748.0 19628.0 320.0 84.0 wrote
4124.0 19644.0 160.0 64.0 me
4340.0 19620.0 180.0 88.0 the
4572.0 19616.0 320.0 84.0 firm's
4952.0 19612.0 488.0 84.0 business
5492.0 19608.0 200.0 84.0 had
5752.0 19628.0 116.0 64.0 so
5924.0 19608.0 544.0 84.0 Increased
6532.0 19608.0 228.0 84.0 that

3740.0 19760.0 448.0 88.0 Another
4256.0 19760.0 428.0 100.0 partner
4752.0 19772.0 216.0 64.0 was
5028.0 19748.0 484.0 100.0 required
5584.0 19748.0 204.0 80.0 and
5856.0 19744.0 232.0 84.0 that
6152.0 19744.0 128.0 84.0 he
6348.0 19740.0 408.0 88.0 wanted

3744.0 19924.0 192.0 60.0 me.
4076.0 19900.0 32.0 80.0 I
4180.0 19896.0 200.0 84.0 had
4456.0 19892.0 240.0 100.0 long
4768.0 19888.0 192.0 84.0 folt
5028.0 19888.0 36.0 88.0 I
5132.0 19884.0 376.0 84.0 should
5584.0 19884.0 124.0 84.0 be
5784.0 19880.0 96.0 84.0 In
5956.0 19904.0 60.0 60.0 a
6088.0 19880.0 344.0 92.0 larger
6504.0 19900.0 224.0 64.0 com-

3748.0 20036.0 404.0 100.0 munity
4232.0 20032.0 252.0 88.0 than
4572.0 20024.0 748.0 96.0 Martinsburg,
5400.0 20020.0 200.0 84.0 and
5688.0 20020.0 36.0 84.0 I
5804.0 20016.0 276.0 84.0 liked
6164.0 20012.0 596.0 100.0 Cleveland,

3752.0 20176.0 180.0 84.0 but
4012.0 20172.0 32.0 84.0 I
4128.0 20176.0 300.0 80.0 knew
4512.0 20164.0 244.0 100.0 they
4836.0 20160.0 416.0 84.0 wanted
5336.0 20180.0 60.0 64.0 a
5476.0 20156.0 240.0 84.0 trial
5804.0 20152.0 416.0 100.0 lawyer,
6304.0 20156.0 340.0 84.0 which
6732.0 20152.0 28.0 84.0 I

3748.0 20332.0 216.0 64.0 was
4040.0 20316.0 208.0 76.0 not.
4388.0 20304.0 136.0 88.0 So
4596.0 20304.0 36.0 84.0 I
4708.0 20304.0 280.0 80.0 went
5060.0 20320.0 128.0 60.0 on
5268.0 20296.0 184.0 84.0 full
5528.0 20296.0 108.0 80.0 of
5704.0 20312.0 476.0 76.0 excuses,
6256.0 20292.0 508.0 100.0 prepared

3752.0 20456.0 104.0 76.0 to
3948.0 20448.0 328.0 84.0 thank
4372.0 20440.0 212.0 84.0 him
4676.0 20436.0 200.0 88.0 and
4976.0 20436.0 120.0 84.0 be
5192.0 20428.0 560.0 88.0 dismissed
5856.0 20428.0 96.0 84.0 In
6052.0 20428.0 708.0 84.0 friendliness.

3748.0 20588.0 384.0 84.0 Before
4200.0 20584.0 36.0 80.0 I
4308.0 20576.0 300.0 88.0 could
4680.0 20580.0 176.0 96.0 get
4924.0 20592.0 168.0 80.0 my
5168.0 20568.0 224.0 88.0 first
5464.0 20588.0 380.0 64.0 excuse
5912.0 20568.0 180.0 84.0 out
6168.0 20564.0 184.0 88.0 Mr.
6424.0 20564.0 336.0 84.0 Foran

3748.0 20720.0 200.0 88.0 had
4040.0 20716.0 444.0 88.0 ushered
4568.0 20736.0 168.0 60.0 me
4820.0 20712.0 224.0 84.0 into
5124.0 20728.0 132.0 64.0 an
5336.0 20704.0 300.0 84.0 office
5720.0 20704.0 200.0 84.0 and
6016.0 20704.0 256.0 96.0 said,
6360.0 20704.0 404.0 84.0 'Here's

3752.0 20856.0 376.0 104.0 yours.'
4188.0 20852.0 200.0 88.0 and
4456.0 20852.0 360.0 84.0 beforo
4876.0 20848.0 32.0 84.0 I
4972.0 20844.0 388.0 96.0 caught
5420.0 20864.0 168.0 76.0 my
5652.0 20840.0 364.0 84.0 breath
6080.0 20840.0 128.0 84.0 he
6268.0 20840.0 200.0 84.0 had
6532.0 20844.0 240.0 84.0 sent

3752.0 21016.0 292.0 64.0 some
4116.0 20992.0 380.0 84.0 clients
4572.0 20988.0 100.0 84.0 in
4744.0 20988.0 160.0 80.0 for
4976.0 21004.0 168.0 64.0 me
5216.0 20984.0 100.0 80.0 to
5396.0 20976.0 220.0 84.0 talk
5688.0 20976.0 276.0 84.0 with.
6108.0 20976.0 32.0 84.0 I
6220.0 20976.0 368.0 100.0 stayed
6668.0 20976.0 96.0 84.0 in

3752.0 21128.0 564.0 88.0 Cleveland
4392.0 21124.0 200.0 84.0 and
4668.0 21120.0 424.0 88.0 learned
5168.0 21124.0 108.0 80.0 to
5344.0 21116.0 124.0 84.0 ho
5532.0 21140.0 64.0 60.0 a
5668.0 21116.0 232.0 80.0 trial
5976.0 21112.0 480.0 100.0 lawyer."

3884.0 21268.0 188.0 84.0 His
4140.0 21264.0 616.0 88.0 enlistment
4820.0 21280.0 116.0 64.0 as
5000.0 21280.0 128.0 60.0 an
5196.0 21256.0 344.0 80.0 active
5608.0 21252.0 380.0 100.0 lighter
6052.0 21256.0 104.0 80.0 in
6228.0 21252.0 172.0 88.0 the
6464.0 21256.0 272.0 84.0 John-

3756.0 21428.0 188.0 64.0 son
4032.0 21424.0 300.0 80.0 camp
4424.0 21420.0 212.0 64.0 was
4724.0 21392.0 416.0 100.0 equally
5228.0 21392.0 388.0 84.0 casual.
5768.0 21388.0 384.0 84.0 "Tom"
6244.0 21412.0 212.0 60.0 was
6544.0 21392.0 224.0 84.0 sick

3752.0 21568.0 200.0 60.0 one
4016.0 21540.0 328.0 100.0 night,
4404.0 21536.0 204.0 84.0 and
4676.0 21532.0 172.0 88.0 the
4912.0 21548.0 344.0 84.0 young
5320.0 21528.0 388.0 96.0 lawyer
5772.0 21548.0 212.0 64.0 was
6052.0 21528.0 432.0 96.0 pressed
6552.0 21528.0 216.0 84.0 Into

3756.0 21680.0 416.0 88.0 service
4236.0 21680.0 104.0 80.0 to
4416.0 21672.0 136.0 84.0 fill
4632.0 21672.0 164.0 84.0 his
4868.0 21672.0 296.0 96.0 placo
5232.0 21672.0 108.0 80.0 at
5412.0 21688.0 60.0 64.0 a
5540.0 21664.0 292.0 100.0 rally.
5972.0 21664.0 408.0 84.0 "Tom's
6452.0 21660.0 320.0 104.0 sick,"

3756.0 21816.0 228.0 88.0 said
4048.0 21816.0 180.0 84.0 the
4288.0 21836.0 240.0 60.0 man
4596.0 21808.0 228.0 84.0 who
4888.0 21800.0 616.0 88.0 introduced
5572.0 21804.0 248.0 84.0 him.
5948.0 21800.0 320.0 88.0 "This
6336.0 21804.0 84.0 84.0 is
6492.0 21800.0 248.0 84.0 New-

3756.0 21960.0 184.0 84.0 ton
4020.0 21956.0 108.0 84.0 D.
4208.0 21952.0 372.0 96.0 Baker,
4656.0 21944.0 320.0 88.0 who's
5052.0 21944.0 312.0 100.0 going
5440.0 21944.0 108.0 84.0 to
5624.0 21940.0 320.0 104.0 speak
6028.0 21940.0 100.0 84.0 in
6204.0 21940.0 164.0 84.0 his
6448.0 21940.0 324.0 104.0 place.

6960.0 9628.0 252.0 96.0 He's
7276.0 9660.0 64.0 64.0 a
7400.0 9636.0 420.0 104.0 lawyer.
7952.0 9632.0 360.0 88.0 That's
8376.0 9632.0 144.0 88.0 all
8584.0 9632.0 44.0 88.0 I
8692.0 9632.0 304.0 88.0 know
9060.0 9628.0 328.0 92.0 about
9448.0 9628.0 248.0 84.0 him.
9828.0 9612.0 152.0 92.0 Go

6960.0 9772.0 368.0 104.0 ahead,
7392.0 9776.0 228.0 100.0 boy,
7684.0 9772.0 204.0 88.0 and
7952.0 9776.0 188.0 84.0 tell
8204.0 9772.0 288.0 88.0 them
8556.0 9772.0 288.0 88.0 what
8900.0 9788.0 208.0 84.0 you
9168.0 9760.0 400.0 96.0 know."
9628.0 9756.0 348.0 88.0 Baker

6960.0 9912.0 216.0 88.0 told
7252.0 9912.0 320.0 100.0 them,
7644.0 9912.0 204.0 84.0 and
7924.0 9932.0 116.0 64.0 so
8116.0 9908.0 336.0 100.0 began
8528.0 9908.0 184.0 88.0 the
8780.0 9904.0 536.0 88.0 activities
9392.0 9896.0 344.0 92.0 which
9808.0 9888.0 172.0 92.0 led

6960.0 10052.0 108.0 84.0 to
7136.0 10048.0 240.0 84.0 four
7440.0 10052.0 328.0 84.0 terms
7840.0 10068.0 120.0 64.0 as
8028.0 10044.0 480.0 88.0 solicitor
8576.0 10044.0 200.0 88.0 and
8848.0 10040.0 276.0 104.0 legal
9192.0 10036.0 364.0 92.0 leader
9620.0 10032.0 108.0 88.0 of
9796.0 10028.0 184.0 88.0 the

6960.0 10184.0 692.0 88.0 antitraction
7756.0 10180.0 484.0 88.0 combine
8344.0 10180.0 352.0 88.0 forces
8800.0 10176.0 204.0 92.0 and
9108.0 10180.0 208.0 84.0 two
9420.0 10176.0 328.0 88.0 terms
9860.0 10184.0 120.0 68.0 as

6960.0 10340.0 392.0 80.0 mayor.

7084.0 10452.0 44.0 88.0 I
7180.0 10452.0 328.0 92.0 asked
7568.0 10456.0 188.0 88.0 Mr.
7812.0 10456.0 348.0 88.0 Baker
8212.0 10456.0 232.0 88.0 how
8500.0 10452.0 180.0 88.0 the
8736.0 10472.0 364.0 84.0 mayor
9152.0 10448.0 112.0 88.0 of
9316.0 10436.0 664.0 100.0 Cleveland's

6960.0 10584.0 176.0 104.0 Job
7216.0 10588.0 560.0 104.0 compared
7848.0 10592.0 256.0 84.0 with
8180.0 10592.0 236.0 84.0 that
8488.0 10592.0 108.0 84.0 of
8668.0 10588.0 184.0 88.0 the
8928.0 10588.0 544.0 100.0 secretary
9548.0 10580.0 112.0 88.0 of
9732.0 10592.0 244.0 72.0 war.

7088.0 10724.0 104.0 88.0 "I
7296.0 10724.0 236.0 88.0 love
7636.0 10724.0 492.0 104.0 personal
8232.0 10724.0 788.0 104.0 relationships.
9192.0 10720.0 228.0 88.0 One
9552.0 10716.0 112.0 88.0 of
9796.0 10712.0 184.0 84.0 the

6964.0 10860.0 664.0 104.0 pleasantest
7680.0 10860.0 356.0 100.0 things
8092.0 10860.0 320.0 88.0 about
8468.0 10860.0 312.0 100.0 being
8836.0 10880.0 364.0 80.0 mayor
9252.0 10852.0 112.0 88.0 of
9416.0 10876.0 60.0 64.0 a
9532.0 10852.0 216.0 100.0 city
9800.0 10844.0 184.0 88.0 the

6964.0 11000.0 216.0 84.0 size
7256.0 10996.0 112.0 88.0 of
7444.0 10992.0 572.0 92.0 Cleveland
8096.0 10996.0 92.0 84.0 is
8268.0 10996.0 180.0 84.0 the
8524.0 10996.0 304.0 100.0 great
8904.0 10988.0 444.0 92.0 number
9424.0 10988.0 112.0 88.0 of
9612.0 10980.0 368.0 108.0 people

6964.0 11132.0 252.0 84.0 with
7296.0 11128.0 344.0 92.0 whom
7720.0 11128.0 88.0 92.0 It
7884.0 11136.0 244.0 96.0 puts
8212.0 11148.0 200.0 72.0 one
8488.0 11128.0 224.0 88.0 into
8792.0 11128.0 352.0 88.0 touch.
9288.0 11124.0 136.0 88.0 At
9504.0 11124.0 180.0 84.0 the
9768.0 11136.0 216.0 68.0 war

6964.0 11264.0 672.0 104.0 department
7720.0 11264.0 40.0 88.0 I
7852.0 11264.0 208.0 88.0 find
8148.0 11288.0 64.0 64.0 a
8296.0 11264.0 296.0 104.0 large
8676.0 11268.0 240.0 100.0 part
8996.0 11264.0 112.0 84.0 of
9192.0 11280.0 176.0 80.0 my
9456.0 11256.0 344.0 88.0 duties
9888.0 11252.0 92.0 84.0 is

6964.0 11400.0 324.0 88.0 taken
7344.0 11420.0 136.0 88.0 up
7540.0 11400.0 252.0 88.0 with
7856.0 11400.0 364.0 104.0 seeing
8276.0 11400.0 404.0 104.0 people.
8804.0 11400.0 40.0 88.0 I
8904.0 11420.0 168.0 64.0 am
9132.0 11412.0 260.0 84.0 very
9448.0 11388.0 240.0 104.0 glad
9752.0 11384.0 232.0 88.0 that

6968.0 11540.0 88.0 84.0 Is
7112.0 11560.0 144.0 64.0 so.
7380.0 11540.0 40.0 84.0 I
7472.0 11536.0 212.0 88.0 like
7740.0 11540.0 108.0 84.0 to
7904.0 11556.0 180.0 64.0 see
8140.0 11536.0 372.0 104.0 people
8568.0 11528.0 636.0 104.0 constantly.
9328.0 11524.0 132.0 88.0 Of
9516.0 11516.0 464.0 104.0 course,"

6964.0 11672.0 136.0 88.0 he
7168.0 11672.0 588.0 104.0 explained,
7832.0 11668.0 100.0 88.0 "I
8004.0 11668.0 288.0 92.0 don't
8356.0 11692.0 308.0 64.0 mean
8736.0 11668.0 236.0 84.0 that
9044.0 11664.0 328.0 88.0 flocks
9440.0 11660.0 112.0 88.0 of
9624.0 11652.0 356.0 92.0 casual

6964.0 11812.0 436.0 84.0 visitors
7460.0 11808.0 256.0 100.0 drop
7780.0 11808.0 104.0 84.0 In
7944.0 11808.0 108.0 84.0 to
8116.0 11828.0 184.0 64.0 see
8356.0 11828.0 168.0 64.0 me
8580.0 11804.0 280.0 88.0 here.
8988.0 11804.0 208.0 84.0 But
9248.0 11796.0 180.0 88.0 the
9488.0 11796.0 496.0 88.0 business

6972.0 11944.0 108.0 88.0 of
7176.0 11940.0 188.0 92.0 the
7464.0 11940.0 676.0 104.0 department
8240.0 11940.0 364.0 104.0 brings
8708.0 11960.0 316.0 80.0 many
9128.0 11932.0 372.0 108.0 people
9608.0 11932.0 108.0 84.0 to
9820.0 11944.0 168.0 68.0 me

6968.0 12076.0 376.0 104.0 daily."

7096.0 12216.0 40.0 84.0 I
7208.0 12212.0 200.0 88.0 had
7484.0 12216.0 356.0 84.0 meant
7908.0 12216.0 108.0 84.0 to
8088.0 12216.0 192.0 84.0 aBk
8344.0 12212.0 220.0 84.0 him
8632.0 12208.0 236.0 104.0 how
8936.0 12208.0 180.0 88.0 the
9184.0 12212.0 212.0 80.0 two
9464.0 12200.0 520.0 108.0 positions

6972.0 12348.0 560.0 104.0 compared
7632.0 12352.0 108.0 88.0 In
7840.0 12352.0 220.0 84.0 size
8156.0 12348.0 204.0 88.0 and
8464.0 12344.0 540.0 104.0 difficulty.
9168.0 12344.0 164.0 84.0 He
9428.0 12360.0 220.0 64.0 was
9748.0 12356.0 208.0 68.0 non-

6972.0 12484.0 588.0 92.0 committal
7628.0 12508.0 136.0 64.0 on
7840.0 12488.0 232.0 84.0 that
8140.0 12488.0 328.0 100.0 point,
8540.0 12480.0 204.0 88.0 and
8820.0 12480.0 36.0 84.0 I
8928.0 12472.0 572.0 108.0 suggested
9572.0 12472.0 240.0 88.0 that
9880.0 12468.0 112.0 88.0 at

6972.0 12624.0 276.0 88.0 least
7308.0 12624.0 136.0 88.0 he
7508.0 12624.0 176.0 88.0 did
7752.0 12628.0 184.0 80.0 not
8004.0 12644.0 288.0 64.0 seem
8360.0 12616.0 484.0 104.0 appalled
8916.0 12616.0 136.0 100.0 by
9116.0 12616.0 184.0 84.0 the
9364.0 12612.0 216.0 88.0 size
9648.0 12608.0 108.0 88.0 of
9820.0 12604.0 168.0 88.0 his

6972.0 12780.0 232.0 68.0 new
7268.0 12760.0 276.0 100.0 task,
7612.0 12780.0 264.0 64.0 even
7940.0 12756.0 396.0 100.0 though
8404.0 12756.0 184.0 88.0 the
8656.0 12752.0 484.0 88.0 Mexican
9204.0 12748.0 512.0 88.0 situation
9784.0 12740.0 204.0 92.0 had

6972.0 12900.0 312.0 96.0 given
7360.0 12896.0 220.0 88.0 him
7656.0 12916.0 68.0 64.0 a
7800.0 12892.0 456.0 104.0 baptism
8336.0 12892.0 108.0 84.0 of
8516.0 12888.0 192.0 88.0 fire
8788.0 12888.0 160.0 88.0 for
9028.0 12908.0 60.0 68.0 a
9168.0 12884.0 512.0 104.0 greeting.
9832.0 12876.0 160.0 92.0 He

6976.0 13032.0 268.0 88.0 said:

7100.0 13168.0 104.0 88.0 "I
7256.0 13188.0 168.0 68.0 am
7480.0 13168.0 184.0 88.0 not
7716.0 13164.0 520.0 104.0 appalled.
8356.0 13164.0 156.0 88.0 No
8564.0 13184.0 244.0 64.0 man
8868.0 13184.0 196.0 64.0 can
9116.0 13160.0 272.0 100.0 hope
9448.0 13160.0 104.0 84.0 to
9612.0 13176.0 380.0 80.0 escape

6976.0 13304.0 544.0 88.0 mistakes.
7640.0 13300.0 520.0 88.0 Mistakes
8212.0 13324.0 188.0 64.0 are
8448.0 13296.0 604.0 92.0 inevitable.
9172.0 13292.0 40.0 92.0 I
9264.0 13296.0 308.0 84.0 know
9628.0 13292.0 40.0 84.0 I
9720.0 13288.0 272.0 88.0 shall

6976.0 13440.0 308.0 88.0 make
7380.0 13460.0 320.0 68.0 some.
7856.0 13436.0 204.0 88.0 But
8152.0 13436.0 180.0 88.0 the
8424.0 13436.0 244.0 104.0 only
8760.0 13436.0 360.0 100.0 things
9216.0 13452.0 200.0 68.0 one
9504.0 13428.0 268.0 88.0 need
9872.0 13424.0 124.0 88.0 be

6976.0 13580.0 328.0 100.0 really
7372.0 13576.0 340.0 88.0 afraid
7776.0 13576.0 112.0 84.0 of
7948.0 13596.0 184.0 64.0 are
8192.0 13572.0 720.0 88.0 Insincerities
8976.0 13568.0 208.0 88.0 and
9252.0 13564.0 740.0 92.0 indirectness.

6976.0 13716.0 284.0 104.0 Also,
7324.0 13716.0 84.0 84.0 It
7464.0 13716.0 92.0 84.0 is
7612.0 13712.0 240.0 88.0 well
7912.0 13716.0 108.0 84.0 to
8080.0 13708.0 596.0 88.0 remember
8732.0 13708.0 232.0 84.0 that
9024.0 13704.0 608.0 88.0 unfamiliar
9696.0 13700.0 300.0 88.0 tasks

6972.0 13856.0 276.0 84.0 have
7316.0 13876.0 64.0 64.0 a
7448.0 13872.0 232.0 80.0 way
7748.0 13852.0 108.0 84.0 of
7924.0 13848.0 428.0 100.0 looking
8424.0 13844.0 772.0 88.0 mountainous.
9336.0 13840.0 660.0 100.0 Familiarity

6976.0 13988.0 444.0 88.0 reduces
7484.0 13988.0 276.0 84.0 their
7824.0 13984.0 700.0 108.0 proportions.
8652.0 13984.0 136.0 84.0 At
8848.0 13980.0 436.0 104.0 present
9344.0 13976.0 40.0 84.0 I
9444.0 14000.0 172.0 64.0 am
9680.0 13972.0 288.0 92.0 work-

6984.0 14128.0 176.0 100.0 ing
7228.0 14124.0 252.0 88.0 here
7552.0 14124.0 272.0 84.0 from
7892.0 14120.0 228.0 88.0 half
8184.0 14124.0 240.0 100.0 past
8496.0 14116.0 292.0 104.0 eight
8856.0 14116.0 104.0 88.0 in
9032.0 14116.0 180.0 88.0 the
9280.0 14116.0 488.0 100.0 morning
9836.0 14112.0 160.0 84.0 till

6980.0 14260.0 524.0 100.0 midnight
7604.0 14264.0 108.0 80.0 to
7812.0 14260.0 428.0 84.0 become
8340.0 14256.0 464.0 88.0 familiar
8900.0 14252.0 252.0 88.0 with
9252.0 14252.0 308.0 84.0 mine.
9724.0 14248.0 276.0 88.0 That

6984.0 14400.0 252.0 88.0 Blow
7316.0 14396.0 284.0 88.0 mind
7676.0 14396.0 112.0 88.0 of
7860.0 14392.0 376.0 104.0 mine,"
8312.0 14392.0 136.0 88.0 he
8520.0 14392.0 228.0 84.0 said
8824.0 14388.0 568.0 104.0 Bmillngly,
9468.0 14384.0 528.0 104.0 "compels

6984.0 14560.0 164.0 64.0 me
7212.0 14536.0 108.0 84.0 to
7384.0 14540.0 188.0 100.0 put
7636.0 14536.0 100.0 84.0 in
7800.0 14532.0 308.0 88.0 those
8168.0 14532.0 248.0 100.0 long
8472.0 14524.0 420.0 92.0 hours."

7112.0 14672.0 376.0 88.0 "What
7540.0 14672.0 92.0 84.0 is
7684.0 14688.0 260.0 84.0 your
8000.0 14668.0 236.0 88.0 idea
8284.0 14672.0 112.0 84.0 of
8444.0 14668.0 180.0 88.0 the
8676.0 14664.0 540.0 92.0 functions
9272.0 14664.0 112.0 88.0 of
9428.0 14664.0 188.0 92.0 the
9672.0 14680.0 296.0 72.0 secre-

6984.0 14820.0 232.0 92.0 tary
7276.0 14808.0 112.0 88.0 of
7440.0 14804.0 344.0 92.0 war?"

7112.0 14948.0 284.0 92.0 "The
7452.0 14944.0 440.0 104.0 duties,"
7952.0 14948.0 132.0 88.0 he
8140.0 14948.0 260.0 104.0 said,
8460.0 14944.0 244.0 88.0 "are
8760.0 14944.0 408.0 104.0 largely
9224.0 14940.0 304.0 104.0 legal.
9588.0 14940.0 412.0 84.0 Almost

6984.0 15088.0 140.0 88.0 all
7200.0 15088.0 180.0 88.0 the
7460.0 15088.0 636.0 88.0 secretaries
8172.0 15084.0 268.0 88.0 have
8516.0 15084.0 264.0 84.0 been
8864.0 15080.0 476.0 100.0 lawyers.
9440.0 15076.0 208.0 100.0 (He
9724.0 15076.0 276.0 88.0 cited

6992.0 15224.0 180.0 88.0 the
7256.0 15248.0 368.0 64.0 names
7712.0 15228.0 112.0 84.0 of
7908.0 15244.0 344.0 76.0 many,
8340.0 15224.0 268.0 84.0 from
8704.0 15216.0 452.0 88.0 Stanton
9244.0 15212.0 304.0 88.0 down
9640.0 15216.0 108.0 84.0 to
9840.0 15212.0 164.0 88.0 his

6988.0 15360.0 720.0 108.0 predecessor.
7816.0 15356.0 584.0 100.0 Garrison.)
8524.0 15356.0 436.0 104.0 Strictly
9064.0 15356.0 468.0 96.0 military
9636.0 15348.0 368.0 92.0 affairs

6988.0 15524.0 184.0 64.0 are
7224.0 15504.0 180.0 84.0 not
7460.0 15520.0 172.0 80.0 my
7688.0 15496.0 532.0 104.0 province.
8336.0 15496.0 452.0 100.0 Experts
8848.0 15496.0 284.0 80.0 must
9184.0 15512.0 244.0 64.0 care
9480.0 15488.0 168.0 88.0 for
9700.0 15488.0 304.0 84.0 those

6992.0 15640.0 388.0 96.0 things.
7548.0 15632.0 324.0 100.0 Legal
7980.0 15632.0 544.0 100.0 questions
8656.0 15628.0 508.0 100.0 touching
9268.0 15628.0 180.0 88.0 the
9552.0 15624.0 424.0 88.0 conflict-

6996.0 15776.0 176.0 100.0 ing
7244.0 15772.0 340.0 104.0 rights
7664.0 15772.0 108.0 84.0 of
7848.0 15768.0 280.0 88.0 state
8204.0 15768.0 200.0 88.0 and
8484.0 15764.0 404.0 88.0 federal
8968.0 15768.0 780.0 96.0 governments,
9828.0 15760.0 180.0 88.0 the

6992.0 15912.0 696.0 100.0 navigability
7748.0 15908.0 108.0 88.0 of
7920.0 15912.0 488.0 96.0 streams,
8472.0 15904.0 184.0 84.0 the
8720.0 15900.0 692.0 104.0 proceedings
9480.0 15900.0 108.0 88.0 of
9652.0 15900.0 356.0 88.0 courts

6996.0 16048.0 416.0 88.0 martial
7552.0 16044.0 256.0 88.0 such
7864.0 16044.0 364.0 100.0 things
8288.0 16040.0 524.0 100.0 comprise
8872.0 16036.0 180.0 88.0 the
9092.0 16040.0 528.0 100.0 problems
9668.0 16036.0 36.0 84.0 I
9740.0 16036.0 268.0 88.0 have

6992.0 16188.0 112.0 84.0 to
7168.0 16184.0 316.0 88.0 settle
7640.0 16184.0 36.0 84.0 I
7736.0 16204.0 168.0 64.0 am
7968.0 16204.0 132.0 64.0 an
8160.0 16180.0 580.0 84.0 executive.
8864.0 16176.0 528.0 100.0 Congress
9452.0 16176.0 192.0 84.0 has
9708.0 16172.0 304.0 88.0 made

6996.0 16324.0 256.0 84.0 laws
7320.0 16320.0 580.0 104.0 governing
7964.0 16340.0 172.0 80.0 my
8204.0 16316.0 700.0 100.0 department.
9036.0 16312.0 88.0 88.0 It
9192.0 16312.0 88.0 88.0 is
9344.0 16332.0 172.0 80.0 my
9584.0 16308.0 252.0 104.0 duty
9904.0 16316.0 108.0 80.0 to

6996.0 16480.0 180.0 64.0 see
7232.0 16460.0 236.0 84.0 that
7524.0 16456.0 248.0 100.0 they
7828.0 16476.0 184.0 64.0 are
8068.0 16452.0 408.0 88.0 carried
8536.0 16452.0 180.0 84.0 out
8772.0 16444.0 988.0 108.0 conscientiously."

7124.0 16596.0 344.0 84.0 About
7536.0 16592.0 896.0 104.0 "preparedness"
8500.0 16592.0 128.0 84.0 he
8696.0 16588.0 192.0 84.0 felt
8952.0 16584.0 416.0 100.0 obliged
9432.0 16588.0 104.0 84.0 to
9604.0 16584.0 412.0 84.0 decline

7000.0 16736.0 108.0 84.0 to
7160.0 16756.0 188.0 76.0 say
7404.0 16756.0 60.0 60.0 a
7516.0 16728.0 316.0 104.0 word,
7888.0 16728.0 200.0 88.0 and
8148.0 16728.0 36.0 88.0 I
8240.0 16724.0 544.0 88.0 reminded
8836.0 16720.0 216.0 88.0 him
9112.0 16724.0 112.0 84.0 of
9276.0 16744.0 132.0 64.0 an
9464.0 16720.0 548.0 84.0 interview

7000.0 16872.0 104.0 84.0 in
7160.0 16868.0 340.0 88.0 which
7560.0 16868.0 132.0 84.0 he
7748.0 16888.0 216.0 64.0 was
8016.0 16864.0 476.0 100.0 recently
8552.0 16860.0 384.0 100.0 quoted
8992.0 16880.0 116.0 64.0 as
9168.0 16860.0 372.0 100.0 saying
9596.0 16856.0 232.0 88.0 that
9884.0 16856.0 132.0 88.0 he

7000.0 17028.0 216.0 64.0 was
7284.0 17008.0 224.0 84.0 "for
7568.0 17024.0 324.0 84.0 peace
7956.0 17008.0 108.0 80.0 at
8124.0 17000.0 388.0 88.0 almost
8572.0 17020.0 204.0 76.0 any
8840.0 16992.0 376.0 104.0 price."

7128.0 17144.0 200.0 88.0 "So
7392.0 17144.0 36.0 84.0 I
7496.0 17140.0 260.0 96.0 am,"
7820.0 17140.0 132.0 84.0 he
8012.0 17132.0 548.0 92.0 answered
8624.0 17132.0 428.0 100.0 stoutly,
9112.0 17128.0 516.0 88.0 "because
9696.0 17152.0 320.0 80.0 peace

7004.0 17304.0 348.0 64.0 seems
7424.0 17284.0 108.0 84.0 to
7600.0 17300.0 168.0 64.0 me
7840.0 17276.0 176.0 88.0 the
8088.0 17268.0 628.0 92.0 reasonable
8788.0 17268.0 328.0 100.0 thing.
9260.0 17268.0 32.0 84.0 I
9368.0 17264.0 132.0 88.0 do
9572.0 17268.0 184.0 84.0 not
9832.0 17288.0 180.0 80.0 say

7004.0 17420.0 232.0 84.0 that
7312.0 17436.0 212.0 68.0 war
7596.0 17416.0 88.0 84.0 is
7760.0 17412.0 396.0 100.0 always
8232.0 17404.0 584.0 92.0 avoidable.
8956.0 17404.0 88.0 88.0 It
9120.0 17424.0 344.0 64.0 seems
9544.0 17408.0 104.0 80.0 to
9724.0 17424.0 292.0 64.0 come

7004.0 17556.0 612.0 84.0 sometimes
7696.0 17572.0 116.0 64.0 as
7896.0 17544.0 708.0 100.0 earthquakes
8684.0 17560.0 300.0 68.0 come
9112.0 17564.0 60.0 64.0 a
9252.0 17540.0 416.0 84.0 natural
9752.0 17544.0 236.0 80.0 cata-

7008.0 17692.0 360.0 100.0 clysm.
7488.0 17688.0 220.0 88.0 The
7764.0 17684.0 404.0 84.0 French
8220.0 17680.0 624.0 96.0 revolution,
8904.0 17680.0 36.0 84.0 I
8992.0 17676.0 332.0 100.0 think,
9380.0 17700.0 216.0 60.0 was
9648.0 17676.0 256.0 84.0 such
9960.0 17696.0 56.0 68.0 a

7004.0 17848.0 244.0 68.0 war.
7404.0 17824.0 204.0 84.0 But
7700.0 17844.0 216.0 64.0 war
8004.0 17820.0 88.0 84.0 is
8184.0 17820.0 396.0 96.0 always
8668.0 17812.0 672.0 104.0 regrettable.
9504.0 17812.0 336.0 88.0 Peace
9928.0 17812.0 92.0 88.0 is

7004.0 17964.0 280.0 84.0 what
7364.0 17960.0 324.0 104.0 spells
7764.0 17976.0 528.0 84.0 progress.
8440.0 17952.0 184.0 88.0 We
8700.0 17952.0 272.0 84.0 have
9052.0 17956.0 104.0 80.0 to
9236.0 17948.0 472.0 88.0 advance
9784.0 17956.0 232.0 92.0 step

7008.0 18100.0 132.0 104.0 by
7204.0 18104.0 260.0 96.0 step.
7600.0 18096.0 36.0 88.0 I
7704.0 18096.0 128.0 84.0 do
7896.0 18096.0 184.0 84.0 not
8140.0 18092.0 308.0 88.0 think
8512.0 18112.0 160.0 64.0 we
8736.0 18108.0 192.0 64.0 can
8992.0 18084.0 272.0 104.0 hope
9328.0 18088.0 108.0 84.0 to
9508.0 18084.0 284.0 88.0 force
9860.0 18084.0 124.0 88.0 ad-

7004.0 18236.0 632.0 88.0 vancement
7700.0 18232.0 136.0 100.0 by
7900.0 18228.0 504.0 88.0 violence.
8532.0 18224.0 228.0 84.0 And
8828.0 18224.0 36.0 84.0 I
8932.0 18220.0 408.0 88.0 believe
9404.0 18224.0 232.0 84.0 that
9700.0 18244.0 292.0 64.0 some-

7004.0 18376.0 312.0 84.0 times
7400.0 18396.0 156.0 60.0 we
7640.0 18368.0 268.0 84.0 shall
7996.0 18368.0 268.0 84.0 have
8344.0 18384.0 64.0 64.0 a
8492.0 18364.0 296.0 84.0 court
8872.0 18360.0 108.0 84.0 of
9060.0 18360.0 456.0 96.0 nations,
9600.0 18360.0 204.0 84.0 and
9888.0 18376.0 132.0 64.0 no

7004.0 18532.0 292.0 68.0 more
7372.0 18528.0 300.0 64.0 wars.
7824.0 18504.0 244.0 84.0 Was
8152.0 18504.0 80.0 80.0 it
8304.0 18496.0 388.0 88.0 Lowell
8772.0 18496.0 272.0 84.0 said:
9148.0 18492.0 248.0 88.0 'The
9476.0 18496.0 540.0 104.0 telegraph

7016.0 18668.0 260.0 84.0 gave
7340.0 18644.0 180.0 88.0 the
7584.0 18640.0 328.0 88.0 world
7976.0 18664.0 60.0 60.0 a
8096.0 18656.0 456.0 68.0 nervous
8616.0 18628.0 500.0 108.0 system?'
9244.0 18628.0 140.0 88.0 As
9452.0 18652.0 188.0 64.0 our
9704.0 18632.0 320.0 88.0 world

7008.0 18792.0 232.0 96.0 gets
7340.0 18784.0 344.0 88.0 better
7784.0 18772.0 708.0 92.0 co-ordinated
8596.0 18772.0 128.0 100.0 by
8824.0 18768.0 1204.0 100.0 intercommunication,

7012.0 18948.0 156.0 64.0 we
7256.0 18920.0 268.0 88.0 shall
7620.0 18916.0 268.0 84.0 have
7980.0 18912.0 324.0 84.0 fewer
8392.0 18908.0 108.0 84.0 of
8624.0 18908.0 176.0 84.0 the
8924.0 18904.0 1104.0 100.0 misunderstandings

7012.0 19056.0 336.0 88.0 which
7420.0 19076.0 320.0 64.0 cawse
7804.0 19044.0 368.0 92.0 wars."

7140.0 19188.0 660.0 100.0 Constantly,
7872.0 19208.0 116.0 64.0 as
8068.0 19208.0 152.0 64.0 wo
8296.0 19180.0 384.0 100.0 talked,
8764.0 19180.0 280.0 88.0 alike
9120.0 19180.0 100.0 88.0 in
9304.0 19180.0 160.0 88.0 his
9544.0 19180.0 488.0 88.0 domicile

7012.0 19332.0 204.0 88.0 and
7272.0 19332.0 100.0 84.0 in
7428.0 19328.0 160.0 84.0 his
7644.0 19324.0 328.0 96.0 ofllce,
8024.0 19324.0 180.0 84.0 the
8252.0 19344.0 224.0 60.0 new
8536.0 19312.0 632.0 104.0 secretary's
9228.0 19320.0 804.0 96.0 unpretentious

7016.0 19472.0 240.0 100.0 pipe
7344.0 19488.0 212.0 64.0 was
7652.0 19464.0 96.0 84.0 in
7840.0 19460.0 164.0 84.0 his
8124.0 19456.0 396.0 88.0 mouth.
8672.0 19452.0 624.0 104.0 Constantly
9420.0 19456.0 164.0 84.0 his
9708.0 19456.0 324.0 84.0 knees

7020.0 19604.0 448.0 88.0 crooked
7524.0 19600.0 200.0 88.0 and
7784.0 19600.0 164.0 84.0 his
8004.0 19600.0 212.0 80.0 feet
8268.0 19592.0 356.0 88.0 curled
8680.0 19612.0 132.0 80.0 up
8868.0 19596.0 104.0 80.0 to
9028.0 19592.0 696.0 88.0 comfortable
9776.0 19592.0 224.0 100.0 posi-

7020.0 19744.0 280.0 84.0 tions
7360.0 19764.0 128.0 64.0 on
7552.0 19736.0 468.0 88.0 radiator
8080.0 19740.0 176.0 96.0 top
8316.0 19728.0 200.0 88.0 and
8580.0 19728.0 256.0 84.0 desk
8904.0 19732.0 204.0 96.0 top.
9236.0 19728.0 436.0 100.0 Though
9736.0 19732.0 300.0 84.0 there

7016.0 19904.0 216.0 60.0 was
7284.0 19880.0 396.0 96.0 always
7732.0 19872.0 408.0 100.0 dignity
8192.0 19872.0 316.0 84.0 ibout
8556.0 19868.0 248.0 100.0 him,
8856.0 19888.0 152.0 64.0 we
9064.0 19864.0 336.0 104.0 might
9448.0 19864.0 268.0 88.0 have
9772.0 19864.0 260.0 88.0 been

7016.0 20024.0 204.0 80.0 two
7308.0 20008.0 908.0 104.0 undergraduates
8308.0 20004.0 476.0 100.0 chatting
8868.0 20004.0 512.0 100.0 togother.
9536.0 20004.0 188.0 84.0 Ills
9808.0 20004.0 196.0 84.0 attl-

7020.0 20156.0 252.0 88.0 tudo
7324.0 20176.0 220.0 60.0 was
7604.0 20152.0 184.0 84.0 not
7848.0 20144.0 608.0 100.0 suggestive
8516.0 20144.0 108.0 84.0 of
8684.0 20140.0 496.0 100.0 lounging
9240.0 20160.0 116.0 64.0 or
9416.0 20140.0 112.0 84.0 of
9584.0 20136.0 448.0 88.0 affocted

7024.0 20292.0 752.0 88.0 carolessncss.
7924.0 20288.0 92.0 80.0 It
8092.0 20300.0 248.0 80.0 was,
8424.0 20284.0 32.0 80.0 I
8540.0 20276.0 476.0 100.0 thought,
9104.0 20280.0 176.0 84.0 the
9364.0 20276.0 344.0 100.0 bodily
9792.0 20296.0 248.0 64.0 ease

7024.0 20428.0 336.0 88.0 which
7420.0 20428.0 88.0 84.0 is
7564.0 20428.0 184.0 96.0 apt
7800.0 20428.0 104.0 80.0 to
7956.0 20420.0 368.0 84.0 reflect
8372.0 20412.0 588.0 104.0 outwardly
9016.0 20412.0 176.0 88.0 the
9248.0 20412.0 392.0 84.0 mental
9700.0 20416.0 340.0 80.0 states

7020.0 20568.0 108.0 84.0 of
7188.0 20560.0 1208.0 92.0 solf-unconsciousncss
8452.0 20552.0 200.0 88.0 and
8720.0 20572.0 372.0 64.0 serene
9152.0 20548.0 876.0 88.0 self-confldunce.

7024.0 20704.0 144.0 88.0 As
7232.0 20704.0 212.0 96.0 city
7508.0 20696.0 476.0 88.0 solicitor
8040.0 20696.0 108.0 84.0 of
8208.0 20688.0 604.0 100.0 Cleveland,
8872.0 20692.0 96.0 80.0 in
9036.0 20688.0 180.0 84.0 the
9280.0 20688.0 448.0 84.0 traction
9796.0 20688.0 212.0 80.0 mat-

7024.0 20848.0 252.0 92.0 tors,
7368.0 20840.0 132.0 84.0 ho
7588.0 20832.0 368.0 100.0 fought
8044.0 20832.0 184.0 84.0 the
8312.0 20828.0 548.0 84.0 mobilized
8952.0 20824.0 272.0 100.0 legal
9320.0 20824.0 172.0 100.0 big
9580.0 20844.0 264.0 80.0 guns
9936.0 20824.0 108.0 80.0 of

7024.0 20980.0 268.0 88.0 Ohio
7352.0 20980.0 104.0 80.0 to
7520.0 20996.0 60.0 60.0 a
7644.0 20968.0 568.0 88.0 standstill.
8340.0 20964.0 144.0 88.0 As
8548.0 20984.0 360.0 80.0 mayor
8964.0 20960.0 132.0 88.0 ho
9156.0 20960.0 356.0 84.0 forced
9580.0 20960.0 176.0 84.0 the
9820.0 20976.0 188.0 84.0 peo-

7028.0 21120.0 168.0 104.0 ple
7268.0 21120.0 104.0 84.0 to
7448.0 21108.0 340.0 88.0 retain
7864.0 21108.0 212.0 84.0 him
8152.0 21100.0 264.0 88.0 until
8492.0 21100.0 132.0 84.0 ho
8696.0 21100.0 200.0 84.0 had
8976.0 21096.0 264.0 88.0 done
9316.0 21096.0 284.0 88.0 what
9672.0 21096.0 128.0 88.0 he
9876.0 21100.0 160.0 80.0 set

7028.0 21260.0 180.0 80.0 out
7276.0 21260.0 104.0 80.0 to
7452.0 21248.0 156.0 84.0 do.

7152.0 21392.0 148.0 84.0 To
7368.0 21388.0 124.0 84.0 be
7552.0 21384.0 540.0 96.0 secretary
8156.0 21376.0 108.0 84.0 of
8328.0 21396.0 212.0 64.0 war
8596.0 21372.0 224.0 100.0 Just
8880.0 21396.0 260.0 76.0 now,
9208.0 21376.0 104.0 80.0 to
9380.0 21372.0 124.0 84.0 be
9568.0 21368.0 300.0 88.0 lifted
9936.0 21376.0 104.0 80.0 at

7028.0 21552.0 196.0 64.0 one
7288.0 21532.0 232.0 88.0 stop
7592.0 21524.0 264.0 80.0 from
7924.0 21512.0 264.0 88.0 local
8256.0 21516.0 220.0 80.0 into
8540.0 21512.0 468.0 84.0 national
9072.0 21508.0 680.0 104.0 prominence
9816.0 21512.0 108.0 84.0 at
9984.0 21528.0 56.0 64.0 a

7032.0 21660.0 404.0 92.0 critical
7528.0 21656.0 464.0 84.0 moment
8080.0 21652.0 212.0 84.0 like
8376.0 21648.0 176.0 88.0 the
8640.0 21648.0 456.0 100.0 present,
9188.0 21648.0 88.0 84.0 is
9360.0 21668.0 64.0 64.0 a
9512.0 21644.0 156.0 84.0 far
9760.0 21668.0 280.0 64.0 more

7036.0 21800.0 556.0 92.0 soarching
7672.0 21796.0 212.0 84.0 test
7960.0 21788.0 100.0 84.0 of
8140.0 21788.0 168.0 84.0 his
8384.0 21784.0 576.0 100.0 capacities
9040.0 21780.0 248.0 88.0 than
9368.0 21804.0 204.0 80.0 any
9648.0 21784.0 132.0 84.0 he
9852.0 21784.0 192.0 84.0 has

7036.0 21944.0 176.0 104.0 yet
7284.0 21936.0 624.0 100.0 undergone

10456.0 1216.0 760.0 408.0 The
11344.0 1232.0 896.0 408.0 New
12344.0 1240.0 1040.0 408.0 Atkin
13496.0 1248.0 1000.0 408.0 Hotel

10512.0 1916.0 48.0 156.0 J
10656.0 1916.0 272.0 136.0 The
10968.0 1924.0 428.0 172.0 beauty
11432.0 1928.0 124.0 132.0 of
11600.0 1932.0 132.0 132.0 its
11784.0 1936.0 528.0 164.0 spacious
12356.0 1932.0 388.0 172.0 public
12788.0 1992.0 408.0 96.0 rooms,
13244.0 1996.0 120.0 76.0 as
13404.0 1940.0 256.0 132.0 well
13708.0 2000.0 124.0 72.0 as
13864.0 1944.0 132.0 128.0 its
14040.0 1944.0 456.0 176.0 daintily

10444.0 2096.0 460.0 168.0 inviting
11000.0 2100.0 636.0 160.0 chambers,
11708.0 2112.0 88.0 128.0 is
11892.0 2148.0 292.0 92.0 most
12284.0 2112.0 472.0 132.0 unusual
12848.0 2120.0 116.0 124.0 in
13056.0 2116.0 212.0 132.0 this
13364.0 2156.0 248.0 128.0 part
13708.0 2116.0 120.0 132.0 of
13920.0 2120.0 192.0 132.0 the
14180.0 2164.0 316.0 96.0 state.

10660.0 2328.0 296.0 136.0 This
11048.0 2336.0 312.0 136.0 hotel
11448.0 2380.0 356.0 96.0 meets
11896.0 2344.0 196.0 132.0 the
12184.0 2384.0 368.0 96.0 wants
12648.0 2344.0 120.0 136.0 of
12860.0 2404.0 260.0 80.0 men
13216.0 2352.0 228.0 136.0 and
13540.0 2412.0 456.0 76.0 women
14096.0 2356.0 120.0 132.0 of
14296.0 2420.0 140.0 76.0 ex-

10444.0 2512.0 568.0 160.0 ceptional
11080.0 2548.0 344.0 100.0 tastes
11488.0 2552.0 112.0 96.0 at
11684.0 2576.0 68.0 76.0 a
11840.0 2556.0 240.0 100.0 cost
12148.0 2524.0 340.0 132.0 much
12556.0 2524.0 352.0 136.0 lower
12972.0 2528.0 272.0 132.0 than
13308.0 2584.0 232.0 116.0 you
13604.0 2528.0 392.0 136.0 would
14052.0 2576.0 444.0 128.0 expect.

10652.0 2744.0 444.0 172.0 Every
11188.0 2756.0 980.0 164.0 improvement
12264.0 2760.0 260.0 132.0 and
12628.0 2768.0 932.0 128.0 convenience
13660.0 2804.0 112.0 96.0 at
13864.0 2824.0 288.0 112.0 your
14244.0 2772.0 248.0 136.0 call.

10648.0 2976.0 276.0 140.0 The
10984.0 2980.0 256.0 140.0 best
11304.0 2988.0 476.0 172.0 thought
11848.0 2988.0 152.0 156.0 of,
12076.0 2992.0 232.0 136.0 and
12372.0 3032.0 296.0 96.0 most
12732.0 3000.0 384.0 132.0 talked
13184.0 3000.0 120.0 136.0 of
13364.0 3004.0 304.0 132.0 hotel
13736.0 3004.0 116.0 132.0 in
13936.0 3004.0 564.0 136.0 Southern

10440.0 3152.0 368.0 136.0 Utah.
11000.0 3160.0 188.0 124.0 x
11372.0 3164.0 188.0 124.0 ?c
12156.0 3168.0 192.0 128.0 x
13020.0 3176.0 188.0 124.0 x
13888.0 3180.0 612.0 124.0 aa

10432.0 3464.0 140.0 132.0 A
10636.0 3464.0 244.0 136.0 LA
10948.0 3468.0 628.0 140.0 CARTE
11668.0 3476.0 768.0 136.0 SERVICE
12524.0 3480.0 264.0 140.0 AT
12888.0 3484.0 1052.0 140.0 MODERATE
14036.0 3488.0 464.0 136.0 COST

10560.0 4464.0 384.0 280.0 J.
11184.0 4464.0 408.0 280.0 L.
11816.0 4464.0 2616.0 304.0 GRIFFITHS

10768.0 4892.0 440.0 96.0 Carries
11260.0 4896.0 176.0 92.0 the
11484.0 4896.0 232.0 96.0 best
11764.0 4904.0 212.0 88.0 and
12024.0 4912.0 276.0 84.0 most
12344.0 4908.0 516.0 116.0 complete
12916.0 4912.0 300.0 92.0 stock
13268.0 4916.0 112.0 88.0 of
13424.0 4920.0 632.0 116.0 everything
14100.0 4920.0 116.0 96.0 In

10652.0 5100.0 904.0 252.0 Groceries,
11660.0 5108.0 304.0 256.0 Ory
12064.0 5112.0 576.0 248.0 Goods,
12756.0 5116.0 676.0 212.0 Miners'
13532.0 5124.0 752.0 256.0 Supplies

12036.0 5432.0 212.0 92.0 and
12304.0 5432.0 152.0 96.0 all
12504.0 5432.0 320.0 96.0 kinds
12880.0 5440.0 112.0 92.0 of

10748.0 5632.0 840.0 208.0 Fresh
11708.0 5644.0 512.0 200.0 and
12340.0 5648.0 888.0 208.0 Cured
13372.0 5656.0 228.0 200.0 F.I
13644.0 5664.0 588.0 196.0 eats

10380.0 5976.0 104.0 96.0 If
10524.0 5980.0 292.0 96.0 there
10864.0 5984.0 100.0 88.0 is
11016.0 5984.0 524.0 120.0 anything
11588.0 6012.0 212.0 92.0 you
11848.0 5996.0 308.0 84.0 want,
12212.0 6020.0 144.0 64.0 we
12400.0 5992.0 276.0 96.0 have
12728.0 6000.0 84.0 92.0 it
13316.0 6036.0 116.0 92.0 p
13540.0 6036.0 140.0 92.0 ia

10560.0 6100.0 212.0 92.0 and
10824.0 6128.0 204.0 64.0 can
11080.0 6104.0 384.0 116.0 supply
11516.0 6132.0 216.0 88.0 you
11784.0 6116.0 116.0 84.0 at
11940.0 6104.0 292.0 124.0 right
12284.0 6112.0 376.0 116.0 prices.
13316.0 6084.0 640.0 120.0 rrlSCO,
14068.0 6084.0 424.0 92.0 Ulan

10276.0 6740.0 828.0 340.0 Shirley
11252.0 6748.0 212.0 272.0 S.
11612.0 6748.0 668.0 272.0 Atkin

10560.0 7144.0 1432.0 140.0 ATTORNEY-AT-LAW

10388.0 7476.0 340.0 80.0 Offices:
10788.0 7480.0 344.0 80.0 Milford
11184.0 7484.0 244.0 76.0 State
11468.0 7484.0 244.0 72.0 Bank
11768.0 7484.0 156.0 72.0 Bui
11960.0 7484.0 208.0 84.0 ding

10252.0 7564.0 292.0 76.0 Phone
10584.0 7576.0 84.0 68.0 19
11704.0 7576.0 372.0 84.0 Mllford,
12120.0 7576.0 224.0 72.0 Utah

10220.0 8128.0 232.0 272.0 C.
10640.0 8124.0 244.0 272.0 T.
11092.0 8124.0 1228.0 336.0 Woodbury

10560.0 8524.0 1400.0 140.0 ATTORNEY-AT-LAW

10528.0 8912.0 524.0 136.0 Bank
11176.0 8912.0 844.0 160.0 Building

10832.0 9136.0 616.0 136.0 Phone
11524.0 9136.0 180.0 140.0 71

10224.0 9372.0 716.0 140.0 Milford
11836.0 9372.0 484.0 132.0 Utah

10244.0 10032.0 364.0 200.0 Dr.
10740.0 10036.0 256.0 192.0 O.
11088.0 10036.0 204.0 192.0 E.
11368.0 10028.0 804.0 200.0 Adkins

10840.0 10340.0 888.0 140.0 DENTIST

10216.0 10828.0 412.0 100.0 BANK
10692.0 10832.0 720.0 96.0 BUILDING
11688.0 10828.0 480.0 96.0 PHONE
12232.0 10824.0 112.0 96.0 38

10244.0 11108.0 608.0 136.0 Milford
11936.0 11096.0 388.0 136.0 Utah

10212.0 11680.0 628.0 140.0 Abstracts
10964.0 11680.0 172.0 140.0 for
11276.0 11680.0 500.0 136.0 Mineral
11872.0 11680.0 480.0 136.0 Patents

10216.0 12092.0 1188.0 276.0 William
11532.0 12092.0 820.0 272.0 Hurst

10224.0 12464.0 956.0 212.0 Licensed
11320.0 12468.0 1036.0 208.0 Abstractor

10408.0 12916.0 980.0 160.0 BEAVER,
11508.0 12916.0 624.0 140.0 UTAH

10220.0 13352.0 588.0 96.0 Examination
10952.0 13348.0 164.0 96.0 and
11216.0 13348.0 356.0 116.0 Reports
11668.0 13388.0 112.0 52.0 on
11884.0 13348.0 472.0 116.0 Properties

10352.0 13996.0 636.0 280.0 What
11032.0 13996.0 476.0 272.0 You
11556.0 14000.0 636.0 268.0 Want

10352.0 14412.0 432.0 212.0 How
10900.0 14408.0 372.0 216.0 You
11408.0 14408.0 504.0 216.0 Want
12048.0 14412.0 148.0 208.0 It

10348.0 14764.0 548.0 216.0 When
10984.0 14760.0 368.0 212.0 You
11440.0 14760.0 508.0 212.0 Want
12052.0 14760.0 144.0 216.0 It

10580.0 15292.0 132.0 152.0 J"T
10748.0 15292.0 16.0 24.0 '
10828.0 15280.0 204.0 120.0 For
11124.0 15284.0 464.0 140.0 anything
11672.0 15284.0 96.0 116.0 in
11884.0 15280.0 164.0 116.0 the

10576.0 15456.0 56.0 128.0 J
10820.0 15428.0 188.0 116.0 line
11096.0 15428.0 104.0 116.0 of
11280.0 15436.0 408.0 132.0 printing
11764.0 15476.0 284.0 68.0 come

10604.0 15576.0 140.0 112.0 JJ
10824.0 15608.0 104.0 84.0 to
10980.0 15624.0 108.0 64.0 ui
11152.0 15576.0 204.0 116.0 and
11428.0 15560.0 268.0 128.0 we'll
11764.0 15616.0 240.0 96.0 guar-

10500.0 15756.0 288.0 84.0 antee
10848.0 15768.0 204.0 92.0 you
11112.0 15716.0 596.0 144.0 iatisfactory
11772.0 15716.0 280.0 120.0 wort

10504.0 15904.0 100.0 84.0 at
10704.0 15876.0 308.0 136.0 pricei
11132.0 15868.0 204.0 116.0 that
11456.0 15916.0 160.0 68.0 are
11712.0 15864.0 340.0 144.0 right

10168.0 16664.0 184.0 176.0 K
12288.0 16664.0 160.0 184.0 71

10352.0 16864.0 856.0 408.0 Say,
11312.0 16864.0 800.0 336.0 You
12200.0 16872.0 80.0 320.0 !

10176.0 20136.0 268.0 196.0 FT
11276.0 20092.0 88.0 64.0 "
12252.0 20116.0 212.0 248.0 7(

10368.0 20336.0 540.0 260.0 HOW
10988.0 20336.0 376.0 112.0 about
11440.0 20336.0 252.0 108.0 that
11768.0 20324.0 528.0 136.0 printing

10784.0 20512.0 216.0 132.0 job
11044.0 20512.0 428.0 128.0 you're
11532.0 20508.0 116.0 112.0 in
11696.0 20504.0 320.0 112.0 need
12076.0 20496.0 216.0 112.0 of?

10796.0 20952.0 304.0 88.0 Come
11164.0 20948.0 100.0 88.0 la
11340.0 20948.0 188.0 88.0 and
11588.0 20976.0 172.0 60.0 see
11824.0 20976.0 116.0 56.0 Da
12004.0 20940.0 296.0 88.0 about

10796.0 21096.0 72.0 92.0 It
10916.0 21104.0 96.0 80.0 at
11060.0 21124.0 252.0 84.0 your
11360.0 21096.0 232.0 84.0 first
11640.0 21088.0 664.0 112.0 opportunity.

10792.0 21244.0 216.0 88.0 Don
11052.0 21252.0 32.0 80.0 t
11164.0 21244.0 236.0 84.0 wait
11480.0 21240.0 240.0 88.0 until
11804.0 21240.0 164.0 84.0 the
12048.0 21260.0 252.0 80.0 very

10792.0 21392.0 196.0 88.0 last
11048.0 21396.0 420.0 80.0 moment
11536.0 21384.0 164.0 88.0 but
11768.0 21384.0 224.0 108.0 give
12052.0 21408.0 116.0 60.0 us
12240.0 21408.0 56.0 56.0 a

10796.0 21540.0 240.0 88.0 little
11128.0 21536.0 232.0 88.0 time
11440.0 21532.0 192.0 88.0 and
11708.0 21532.0 248.0 84.0 we'll
12024.0 21528.0 272.0 84.0 show

10796.0 21716.0 192.0 80.0 you
11044.0 21684.0 256.0 84.0 what
11364.0 21680.0 224.0 108.0 high
11656.0 21680.0 304.0 104.0 grade
12024.0 21672.0 276.0 88.0 work

10796.0 21864.0 144.0 56.0 we
10984.0 21860.0 184.0 56.0 can
11216.0 21836.0 220.0 76.0 turn
11488.0 21832.0 192.0 76.0 out.

12712.0 7272.0 280.0 280.0 If
13088.0 7272.0 728.0 280.0 You
13920.0 7272.0 920.0 272.0 Want

13380.0 7916.0 604.0 164.0 VU
14096.0 7964.0 256.0 84.0 can
14476.0 7944.0 232.0 140.0 get

12764.0 8076.0 280.0 224.0 JT
13708.0 8088.0 404.0 136.0 them
14200.0 8088.0 184.0 168.0 by
14472.0 8092.0 168.0 128.0 ad

13380.0 8268.0 660.0 160.0 vertising
14156.0 8268.0 152.0 132.0 in
14432.0 8260.0 272.0 136.0 this

12532.0 8700.0 88.0 1920.0 I
12748.0 8424.0 296.0 324.0 E
13380.0 8488.0 464.0 120.0 paper.
13976.0 8436.0 128.0 136.0 It
14152.0 8436.0 552.0 136.0 reaches

13380.0 8612.0 240.0 136.0 the
13728.0 8616.0 292.0 132.0 best
14128.0 8616.0 324.0 132.0 class
14560.0 8612.0 148.0 132.0 of

12796.0 8868.0 152.0 124.0 g-
13468.0 8788.0 500.0 172.0 people
14072.0 8788.0 152.0 132.0 in
14344.0 8784.0 272.0 136.0 this

13560.0 8964.0 924.0 160.0 community,

12736.0 9320.0 320.0 328.0 u

12792.0 9768.0 248.0 328.0 L

12752.0 10216.0 280.0 336.0 T
13928.0 10512.0 24.0 24.0 .
14880.0 10208.0 16.0 112.0 1

13384.0 10508.0 288.0 136.0 Use
13756.0 10508.0 272.0 136.0 this
14092.0 10556.0 420.0 124.0 paper
14592.0 10508.0 112.0 136.0 if

12776.0 10664.0 896.0 340.0 Syou
13784.0 10716.0 400.0 100.0 want
14280.0 10732.0 416.0 84.0 some

13380.0 10860.0 148.0 132.0 of
13600.0 10856.0 368.0 136.0 their
14036.0 10860.0 644.0 132.0 business.

12720.0 11296.0 500.0 212.0 Use
13320.0 11296.0 592.0 212.0 This
14012.0 11300.0 824.0 252.0 Paper

12740.0 12316.0 1932.0 268.0 Advertise

13472.0 12936.0 124.0 88.0 if
13664.0 12936.0 340.0 100.0 yc:u

13360.0 13080.0 280.0 92.0 Want
13668.0 13116.0 56.0 52.0 a
13764.0 13084.0 280.0 88.0 Cook

13324.0 13232.0 280.0 88.0 Want
13652.0 13264.0 60.0 56.0 a
13780.0 13232.0 304.0 88.0 Clerk

13264.0 13376.0 280.0 88.0 Want
13608.0 13408.0 56.0 56.0 a
13712.0 13380.0 428.0 84.0 Partner

13204.0 13520.0 280.0 92.0 Want
13560.0 13556.0 60.0 56.0 a
13708.0 13524.0 488.0 88.0 Situation

13144.0 13668.0 280.0 88.0 Want
13468.0 13700.0 60.0 56.0 a
13572.0 13672.0 432.0 84.0 Servant
14052.0 13672.0 208.0 88.0 Girl

13084.0 13812.0 284.0 92.0 Want
13436.0 13824.0 100.0 80.0 to
13596.0 13816.0 212.0 88.0 Sell
13872.0 13848.0 60.0 56.0 a
13996.0 13816.0 320.0 88.0 Piano

13024.0 13960.0 284.0 92.0 Want
13368.0 13972.0 96.0 76.0 to
13524.0 13960.0 216.0 92.0 Sell
13784.0 13992.0 56.0 56.0 a
13888.0 13960.0 492.0 112.0 Carriage

12968.0 14104.0 276.0 88.0 Want
13280.0 14116.0 92.0 76.0 to
13404.0 14108.0 1032.0 108.0 SellTownProperty

12908.0 14252.0 276.0 88.0 Want
13232.0 14260.0 92.0 80.0 to
13372.0 14252.0 208.0 92.0 Sell
13624.0 14252.0 280.0 92.0 Your
13960.0 14256.0 532.0 88.0 Groceries

12848.0 14400.0 280.0 88.0 Want
13196.0 14408.0 100.0 80.0 to
13368.0 14400.0 212.0 88.0 Sell
13652.0 14400.0 280.0 92.0 Your
13996.0 14404.0 560.0 84.0 Hardware

12784.0 14548.0 284.0 84.0 Want
13152.0 14544.0 584.0 92.0 Customers
13844.0 14548.0 168.0 88.0 for
14116.0 14548.0 500.0 108.0 Anything

12732.0 14692.0 544.0 88.0 Advertise
13336.0 14692.0 400.0 112.0 Weekly
13808.0 14692.0 100.0 92.0 in
13980.0 14696.0 240.0 88.0 This
14308.0 14696.0 368.0 104.0 Paper.

12728.0 14836.0 648.0 112.0 Advertising
13436.0 14836.0 100.0 92.0 Ia
13588.0 14840.0 160.0 88.0 the
13808.0 14840.0 240.0 112.0 Way
14092.0 14852.0 96.0 76.0 to
14236.0 14840.0 436.0 88.0 Success

12788.0 14984.0 648.0 112.0 Advertising
13552.0 14988.0 368.0 112.0 Brings
14036.0 14988.0 580.0 88.0 Customers

12848.0 15132.0 648.0 112.0 Advertising
13568.0 15132.0 328.0 108.0 Keeps
13972.0 15132.0 584.0 88.0 Customers

12908.0 15276.0 648.0 112.0 Advertising
13596.0 15276.0 412.0 88.0 Insures
14056.0 15280.0 440.0 88.0 Success

12960.0 15424.0 648.0 112.0 Advertising
13652.0 15424.0 356.0 88.0 Shows
14052.0 15424.0 388.0 112.0 Energy

13024.0 15568.0 648.0 112.0 Advertising
13700.0 15568.0 688.0 92.0 ShowsPluck

13084.0 15716.0 652.0 112.0 Advertising
13816.0 15716.0 100.0 88.0 Is
13980.0 15712.0 340.0 92.0 "Bix"

13140.0 15860.0 632.0 92.0 Advertise
13836.0 15892.0 128.0 56.0 or
14028.0 15864.0 248.0 84.0 Bust

13200.0 16004.0 620.0 92.0 Advertise
13912.0 16008.0 292.0 108.0 Long

13264.0 16152.0 556.0 88.0 Advertise
13900.0 16152.0 244.0 88.0 Well

13332.0 16296.0 756.0 88.0 ADVERTISE

13432.0 16444.0 148.0 84.0 At
13668.0 16440.0 304.0 88.0 Once

12748.0 16880.0 284.0 204.0 In
13164.0 16872.0 592.0 208.0 This
13872.0 16872.0 820.0 252.0 Paper

12584.0 17692.0 788.0 220.0 gmaaa-
13444.0 17616.0 664.0 204.0 Turn
14160.0 17612.0 700.0 212.0 Over

12940.0 18016.0 152.0 128.0 a
13200.0 17936.0 600.0 208.0 New
13920.0 17932.0 592.0 212.0 Leaf

12944.0 18552.0 264.0 164.0 By
13308.0 18552.0 1196.0 152.0 subscribing

12944.0 18756.0 256.0 132.0 for
13276.0 18752.0 460.0 136.0 TIIIS
13848.0 18756.0 660.0 136.0 PAPER
14816.0 18856.0 8.0 20.0 .

12580.0 19660.0 84.0 244.0 jj
13004.0 19768.0 152.0 128.0 q
13976.0 19712.0 212.0 116.0 We
14240.0 19744.0 184.0 84.0 are

12580.0 19908.0 80.0 192.0 6
12756.0 19976.0 668.0 124.0 VAIT
13972.0 19888.0 460.0 116.0 anxious
14488.0 19904.0 116.0 100.0 to

12624.0 20056.0 36.0 124.0 I
12824.0 20056.0 104.0 136.0 1
13064.0 20056.0 144.0 136.0 J
13252.0 20056.0 156.0 128.0 U
13972.0 20064.0 284.0 116.0 have
14304.0 20100.0 216.0 108.0 you

12624.0 20364.0 8.0 108.0 I
12760.0 20364.0 796.0 120.0 MOW
13972.0 20416.0 336.0 112.0 about
14372.0 20416.0 300.0 112.0 them

12768.0 20568.0 832.0 212.0 About

12624.0 21004.0 16.0 44.0 ,
12772.0 20856.0 652.0 216.0 OUR
13976.0 20908.0 292.0 140.0 They
14320.0 20904.0 220.0 120.0 will

13108.0 21184.0 48.0 40.0 .
13976.0 21084.0 468.0 116.0 interest

12588.0 21252.0 48.0 120.0 I
12772.0 21220.0 148.0 140.0 Jr
12964.0 21228.0 676.0 132.0 riCeS
13976.0 21296.0 216.0 108.0 you
14252.0 21260.0 328.0 116.0 when

12588.0 21380.0 84.0 184.0 A
13976.0 21436.0 384.0 144.0 you're
14412.0 21436.0 108.0 116.0 in

13180.0 21636.0 160.0 164.0 fr
13976.0 21612.0 280.0 120.0 need
14316.0 21612.0 124.0 116.0 of

12592.0 21752.0 80.0 148.0 I
13132.0 21828.0 144.0 124.0 q
13984.0 21792.0 476.0 140.0 printing
