15408 22948
6176.0 684.0 676.0 108.0 REAVER
6944.0 680.0 712.0 112.0 COUNTY
7736.0 676.0 532.0 124.0 NEWS,
8352.0 676.0 836.0 116.0 MILFORD.
9268.0 672.0 484.0 112.0 UTAH

792.0 1316.0 716.0 168.0 Provide
1584.0 1316.0 604.0 168.0 Means
2268.0 1312.0 276.0 172.0 for
2608.0 1316.0 536.0 200.0 Using
3288.0 1336.0 56.0 184.0 ;!

1120.0 1536.0 492.0 200.0 Boy's
1720.0 1532.0 536.0 200.0 Spare
2332.0 1536.0 488.0 164.0 Time
3292.0 1576.0 32.0 120.0 :

908.0 1924.0 408.0 84.0 BrRFV.
1352.0 1924.0 232.0 76.0 ROY
1616.0 1920.0 84.0 76.0 L.
1736.0 1916.0 376.0 84.0 SMITH,
2148.0 1916.0 416.0 76.0 Paitorof
2596.0 1916.0 120.0 76.0 St.
2748.0 1912.0 284.0 80.0 PauTi
3296.0 1928.0 28.0 36.0 '

568.0 2044.0 68.0 92.0 y
1092.0 2024.0 460.0 72.0 Malhodiit
1592.0 2016.0 444.0 88.0 Epiicopal
2068.0 2016.0 364.0 88.0 Church,
2464.0 2020.0 376.0 84.0 Chicago
3320.0 2044.0 24.0 68.0 J

3616.0 1072.0 344.0 140.0 Many
4080.0 1068.0 260.0 128.0 boys
4468.0 1096.0 180.0 72.0 tire
4768.0 1056.0 216.0 112.0 lost
5108.0 1060.0 116.0 104.0 to

3340.0 1308.0 32.0 48.0 r
3464.0 1256.0 272.0 140.0 good
3832.0 1244.0 648.0 144.0 citizenship
4572.0 1276.0 312.0 96.0 every
4968.0 1272.0 260.0 108.0 year

3468.0 1440.0 452.0 104.0 because
4000.0 1432.0 448.0 144.0 parents
4532.0 1424.0 324.0 108.0 think
4944.0 1416.0 288.0 112.0 their

3468.0 1616.0 504.0 112.0 children
4076.0 1644.0 180.0 76.0 arc
4364.0 1604.0 352.0 140.0 safely
4820.0 1600.0 116.0 108.0 in
5048.0 1596.0 184.0 112.0 the

3468.0 1836.0 244.0 72.0 care
3768.0 1796.0 124.0 108.0 of
3944.0 1796.0 188.0 104.0 the
4184.0 1788.0 364.0 108.0 school
4608.0 1824.0 120.0 68.0 or
4780.0 1780.0 448.0 112.0 church.

3340.0 1956.0 12.0 28.0 '
3484.0 1984.0 96.0 104.0 A
3684.0 1980.0 204.0 132.0 hoy
3992.0 2008.0 252.0 104.0 may
4348.0 1972.0 128.0 104.0 be
4584.0 1960.0 648.0 144.0 completely

3476.0 2164.0 216.0 104.0 lost
3780.0 2164.0 112.0 104.0 to
3984.0 2152.0 172.0 108.0 his
4248.0 2156.0 484.0 136.0 parents,
4824.0 2152.0 184.0 136.0 yet
5092.0 2144.0 140.0 104.0 sit

568.0 2384.0 104.0 96.0 at
732.0 2372.0 180.0 104.0 the
976.0 2368.0 392.0 144.0 family
1436.0 2360.0 284.0 116.0 table
1784.0 2360.0 332.0 144.0 daily.
2264.0 2360.0 280.0 104.0 How
2608.0 2344.0 696.0 144.0 sorrowfully
3368.0 2348.0 184.0 104.0 the
3616.0 2340.0 220.0 140.0 city
3900.0 2336.0 120.0 104.0 of
4092.0 2332.0 476.0 136.0 Chicago
4636.0 2328.0 88.0 104.0 is
4792.0 2324.0 444.0 136.0 seeking

572.0 2556.0 164.0 108.0 for
800.0 2552.0 140.0 108.0 its
1004.0 2552.0 220.0 108.0 lost
1288.0 2552.0 200.0 136.0 boy
1556.0 2544.0 360.0 140.0 today.
2064.0 2540.0 220.0 108.0 She
2348.0 2540.0 196.0 108.0 has
2608.0 2540.0 232.0 136.0 just
2912.0 2528.0 464.0 112.0 realized
3448.0 2528.0 180.0 108.0 the
3696.0 2524.0 240.0 104.0 fact
4000.0 2516.0 248.0 108.0 that
4316.0 2512.0 132.0 108.0 he
4516.0 2508.0 196.0 108.0 has
4784.0 2500.0 452.0 144.0 escaped

568.0 2740.0 172.0 104.0 the
804.0 2732.0 452.0 136.0 church,
1328.0 2732.0 176.0 108.0 the
1568.0 2724.0 364.0 112.0 school
2004.0 2724.0 216.0 108.0 and
2288.0 2720.0 368.0 140.0 barely
2724.0 2712.0 456.0 140.0 escaped
3252.0 2712.0 184.0 104.0 the
3500.0 2704.0 240.0 108.0 law.

856.0 2908.0 920.0 144.0 Unfortunately,
1856.0 2944.0 148.0 72.0 we
2080.0 2908.0 140.0 104.0 do
2296.0 2908.0 196.0 100.0 not
2568.0 2900.0 232.0 108.0 find
2876.0 2896.0 236.0 104.0 him
3192.0 2892.0 116.0 104.0 in
3380.0 2888.0 188.0 108.0 the
3644.0 2912.0 540.0 112.0 company
4260.0 2876.0 120.0 108.0 of
4456.0 2872.0 492.0 108.0 teachers
5024.0 2860.0 216.0 116.0 and

572.0 3100.0 488.0 108.0 thinkers
1128.0 3100.0 116.0 104.0 in
1312.0 3132.0 208.0 104.0 any
1588.0 3084.0 748.0 116.0 considerable
2396.0 3084.0 504.0 108.0 number.
3044.0 3068.0 456.0 112.0 Instead
3564.0 3100.0 152.0 72.0 we
3784.0 3064.0 236.0 108.0 find
4084.0 3060.0 236.0 108.0 him
4392.0 3056.0 116.0 104.0 in
4576.0 3052.0 184.0 108.0 the
4828.0 3048.0 416.0 108.0 vicious

576.0 3276.0 584.0 148.0 poolroom,
1220.0 3312.0 120.0 72.0 or
1396.0 3276.0 120.0 104.0 in
1576.0 3280.0 344.0 100.0 secret
1980.0 3264.0 600.0 112.0 "athletic"
2636.0 3260.0 340.0 132.0 clubs,
3036.0 3260.0 244.0 128.0 etc.,
3340.0 3248.0 488.0 140.0 meeting
3888.0 3276.0 252.0 76.0 over
4196.0 3240.0 332.0 108.0 barns
4588.0 3268.0 124.0 76.0 or
4768.0 3232.0 120.0 108.0 in
4948.0 3232.0 252.0 104.0 base-

572.0 3468.0 384.0 104.0 ments.
864.0 3644.0 300.0 108.0 Here
1232.0 3644.0 184.0 108.0 the
1476.0 3640.0 208.0 140.0 boy
1748.0 3636.0 272.0 104.0 with
2080.0 3632.0 476.0 136.0 nothing
2624.0 3632.0 112.0 104.0 to
2800.0 3624.0 140.0 108.0 do
3004.0 3652.0 388.0 108.0 proves
3452.0 3608.0 456.0 112.0 himself
3972.0 3644.0 140.0 72.0 an
4180.0 3604.0 336.0 140.0 adept
4580.0 3600.0 124.0 104.0 in
4768.0 3596.0 484.0 136.0 knavery

580.0 3828.0 336.0 108.0 tinder
980.0 3828.0 188.0 108.0 the
1224.0 3820.0 488.0 140.0 tutelage
1776.0 3816.0 124.0 108.0 of
1960.0 3816.0 308.0 108.0 those
2336.0 3808.0 444.0 140.0 already
2848.0 3800.0 520.0 108.0 initiated
3436.0 3796.0 240.0 108.0 into
3744.0 3788.0 376.0 112.0 crime.
4260.0 3784.0 240.0 108.0 The
4568.0 3780.0 348.0 140.0 "baby
4984.0 3776.0 220.0 108.0 ban-

576.0 4008.0 272.0 132.0 dit,"
924.0 4008.0 188.0 112.0 the
1184.0 4012.0 520.0 136.0 gangster
1780.0 4000.0 216.0 108.0 and
2076.0 3996.0 184.0 108.0 the
2332.0 3996.0 204.0 140.0 boy
2612.0 3992.0 288.0 136.0 thug
2972.0 4024.0 180.0 72.0 are
3224.0 3984.0 188.0 104.0 the
3488.0 3972.0 596.0 112.0 inevitable
4152.0 3968.0 348.0 112.0 fruits
4572.0 3964.0 120.0 108.0 of
4764.0 4000.0 64.0 72.0 a
4892.0 3956.0 360.0 148.0 policy

384.0 4296.0 32.0 20.0 ,
576.0 4192.0 116.0 108.0 of
756.0 4192.0 716.0 108.0 indifference
1536.0 4192.0 120.0 104.0 to
1716.0 4184.0 184.0 108.0 the
1960.0 4216.0 192.0 72.0 use
2216.0 4176.0 120.0 108.0 of
2400.0 4212.0 60.0 72.0 a
2520.0 4172.0 300.0 144.0 boy's
2884.0 4164.0 220.0 116.0 idle
3168.0 4168.0 304.0 108.0 time.

480.0 4332.0 36.0 40.0 V
704.0 4388.0 12.0 12.0 '
864.0 4372.0 236.0 108.0 The
1164.0 4372.0 348.0 108.0 secret
1576.0 4364.0 124.0 112.0 of
1760.0 4364.0 188.0 112.0 the
2008.0 4364.0 208.0 140.0 boy
2284.0 4356.0 492.0 148.0 problem
2844.0 4356.0 116.0 104.0 in
3028.0 4352.0 304.0 136.0 large
3400.0 4376.0 496.0 76.0 measure
3964.0 4340.0 96.0 108.0 is
4128.0 4372.0 64.0 76.0 a
4256.0 4336.0 400.0 144.0 parent
4720.0 4324.0 532.0 148.0 problem.

580.0 4564.0 132.0 100.0 In
776.0 4596.0 60.0 68.0 a
880.0 4556.0 236.0 140.0 city
1172.0 4552.0 120.0 108.0 of
1352.0 4552.0 252.0 108.0 flats
1664.0 4548.0 220.0 108.0 and
1940.0 4544.0 352.0 144.0 paved
2352.0 4544.0 384.0 108.0 streets
2804.0 4536.0 184.0 108.0 the
3044.0 4532.0 212.0 144.0 boy
3312.0 4532.0 196.0 104.0 has
3568.0 4528.0 268.0 104.0 been
3900.0 4560.0 64.0 72.0 a
4020.0 4520.0 324.0 140.0 tardy
4404.0 4508.0 848.0 116.0 consideration.

588.0 4740.0 344.0 112.0 There
996.0 4740.0 88.0 108.0 is
1140.0 4772.0 148.0 72.0 no
1348.0 4768.0 304.0 72.0 room
1716.0 4732.0 176.0 104.0 for
1952.0 4728.0 172.0 104.0 his
2188.0 4724.0 272.0 144.0 shop
2520.0 4720.0 120.0 108.0 in
2700.0 4720.0 188.0 108.0 the
2948.0 4716.0 640.0 140.0 apartment
3644.0 4708.0 220.0 108.0 and
3920.0 4704.0 216.0 108.0 less
4192.0 4736.0 308.0 72.0 room
4564.0 4700.0 180.0 108.0 for
4800.0 4692.0 176.0 108.0 his
5032.0 4688.0 224.0 112.0 ball

580.0 4924.0 428.0 140.0 ground
1096.0 4920.0 116.0 104.0 in
1300.0 4916.0 188.0 112.0 the
1572.0 4912.0 496.0 108.0 crowded
2156.0 4908.0 368.0 108.0 street.
2688.0 4904.0 144.0 108.0 In
2920.0 4896.0 152.0 108.0 all
3164.0 4896.0 184.0 108.0 the
3432.0 4896.0 304.0 108.0 West
3820.0 4888.0 268.0 132.0 side,
4172.0 4884.0 360.0 108.0 where
4624.0 4880.0 168.0 108.0 St.
4884.0 4868.0 380.0 116.0 Paul's

584.0 5104.0 408.0 108.0 church
1076.0 5104.0 88.0 104.0 is
1248.0 5096.0 464.0 132.0 located,
1788.0 5092.0 308.0 112.0 there
2180.0 5092.0 92.0 104.0 is
2352.0 5092.0 200.0 104.0 not
2628.0 5120.0 204.0 72.0 one
2912.0 5072.0 536.0 116.0 desirable
3528.0 5068.0 700.0 148.0 playground
4312.0 5064.0 220.0 108.0 and
4612.0 5056.0 260.0 148.0 only
4956.0 5056.0 308.0 112.0 three

584.0 5284.0 356.0 136.0 small,
1008.0 5284.0 660.0 140.0 inadequate
1736.0 5276.0 364.0 144.0 parks.

884.0 5468.0 300.0 108.0 Such
1264.0 5460.0 496.0 144.0 agencies
1844.0 5496.0 112.0 72.0 as
2032.0 5456.0 188.0 108.0 the
2292.0 5452.0 148.0 112.0 Y.
2520.0 5448.0 156.0 112.0 M.
2764.0 5448.0 124.0 112.0 C.
2968.0 5444.0 172.0 132.0 A.,
3216.0 5440.0 188.0 112.0 the
3488.0 5436.0 484.0 140.0 Chicago
4048.0 5432.0 324.0 140.0 Boys'
4448.0 5424.0 252.0 112.0 club
4780.0 5420.0 224.0 112.0 and
5076.0 5420.0 192.0 108.0 the

588.0 5652.0 320.0 140.0 Boys'
980.0 5644.0 496.0 148.0 republic
1548.0 5676.0 136.0 108.0 go
1756.0 5640.0 432.0 108.0 farther
2260.0 5632.0 416.0 112.0 toward
2744.0 5628.0 392.0 144.0 saving
3200.0 5624.0 192.0 112.0 the
3460.0 5624.0 208.0 140.0 boy
3740.0 5616.0 488.0 144.0 through
4296.0 5608.0 640.0 148.0 supervised
5008.0 5600.0 260.0 148.0 play

596.0 5836.0 264.0 108.0 than
932.0 5828.0 408.0 112.0 several
1412.0 5824.0 512.0 108.0 hundred
2000.0 5816.0 432.0 144.0 "cops."

892.0 6016.0 100.0 108.0 A
1048.0 6012.0 300.0 140.0 large
1404.0 6012.0 256.0 140.0 part
1712.0 6004.0 124.0 112.0 of
1896.0 6004.0 180.0 108.0 the
2136.0 6000.0 480.0 108.0 solution
2672.0 5992.0 124.0 112.0 of
2852.0 5992.0 188.0 108.0 the
3096.0 5992.0 212.0 140.0 boy
3360.0 5984.0 500.0 148.0 problem
3916.0 5980.0 236.0 136.0 lies,
4212.0 5976.0 124.0 108.0 in
4392.0 6012.0 188.0 104.0 my
4640.0 5968.0 632.0 144.0 judgment,

600.0 6196.0 116.0 112.0 in
776.0 6192.0 596.0 148.0 providing
1440.0 6224.0 292.0 72.0 some
1800.0 6180.0 576.0 116.0 attractive
2448.0 6176.0 216.0 112.0 and
2728.0 6172.0 584.0 152.0 profitable
3372.0 6200.0 384.0 76.0 means
3820.0 6164.0 184.0 108.0 for
4064.0 6160.0 332.0 144.0 using
4464.0 6196.0 64.0 72.0 a
4588.0 6152.0 300.0 144.0 boy's
4956.0 6184.0 320.0 112.0 spare

604.0 6384.0 296.0 108.0 time.

908.0 6560.0 240.0 108.0 The
1220.0 6560.0 208.0 140.0 boy
1500.0 6552.0 240.0 112.0 who
1812.0 6552.0 92.0 108.0 is
1980.0 6548.0 404.0 112.0 turned
2452.0 6544.0 292.0 108.0 loose
2816.0 6576.0 144.0 72.0 on
3032.0 6536.0 192.0 112.0 the
3296.0 6536.0 340.0 108.0 street
3704.0 6528.0 232.0 108.0 will
4004.0 6560.0 316.0 76.0 move
4396.0 6524.0 124.0 108.0 in
4588.0 6520.0 188.0 108.0 the
4848.0 6516.0 232.0 108.0 line
5156.0 6508.0 124.0 116.0 of

604.0 6744.0 272.0 112.0 least
924.0 6740.0 596.0 112.0 resistance
1576.0 6736.0 180.0 108.0 for
1812.0 6732.0 176.0 108.0 his
2044.0 6728.0 720.0 112.0 amusement
2900.0 6720.0 240.0 108.0 The
3196.0 6748.0 456.0 104.0 average
3708.0 6712.0 212.0 144.0 boy
3976.0 6704.0 332.0 112.0 needs
4368.0 6700.0 548.0 148.0 guidance
4976.0 6728.0 300.0 76.0 more

608.0 6924.0 264.0 112.0 than
936.0 6928.0 316.0 104.0 court
1316.0 6924.0 536.0 104.0 sentence.

612.0 7388.0 80.0 248.0 I
1108.0 7468.0 792.0 172.0 One-Act
2004.0 7464.0 420.0 208.0 Play
2532.0 7464.0 400.0 168.0 Best

612.0 7660.0 84.0 228.0 I
988.0 7704.0 716.0 172.0 Vehicle
1764.0 7704.0 280.0 164.0 for
2116.0 7700.0 928.0 168.0 Amateurs

608.0 8016.0 92.0 152.0 X
864.0 8092.0 132.0 88.0 Br
1028.0 8084.0 636.0 84.0 MARGARET
1708.0 8080.0 616.0 88.0 DURWARD,
2352.0 8080.0 428.0 76.0 Colorado
2808.0 8080.0 380.0 84.0 Agricul.

1172.0 8188.0 224.0 76.0 tural
1440.0 8188.0 376.0 84.0 College,
1852.0 8188.0 196.0 72.0 Fort
2084.0 8184.0 344.0 84.0 Collins,
2456.0 8176.0 420.0 84.0 Colorado
3340.0 8196.0 88.0 68.0 V

644.0 8308.0 2784.0 152.0 X":X"X-x-x-:"X":"X"y,x-x-X":"X"X5

612.0 8580.0 212.0 72.0 son
896.0 8544.0 312.0 144.0 plays
1276.0 8540.0 356.0 108.0 which
1700.0 8536.0 448.0 112.0 contain
2212.0 8524.0 880.0 148.0 long-sustained
3164.0 8528.0 344.0 136.0 parts,
3584.0 8556.0 124.0 76.0 or
3776.0 8524.0 480.0 104.0 extreme
4328.0 8512.0 492.0 112.0 emotion
4884.0 8508.0 128.0 108.0 of
5088.0 8540.0 212.0 108.0 any

632.0 8724.0 272.0 112.0 kind
980.0 8720.0 396.0 112.0 should
1448.0 8724.0 128.0 108.0 be
1656.0 8720.0 452.0 108.0 avoided
2188.0 8712.0 216.0 112.0 and
2480.0 8712.0 308.0 108.0 those
2868.0 8708.0 308.0 144.0 plays
3260.0 8704.0 356.0 108.0 which
3692.0 8700.0 364.0 108.0 afford
4128.0 8696.0 384.0 144.0 plenty
4592.0 8692.0 120.0 108.0 of
4792.0 8688.0 460.0 112.0 "charac-

632.0 8904.0 652.0 112.0 terization"
1376.0 8900.0 400.0 108.0 should
1864.0 8900.0 128.0 108.0 be
2080.0 8896.0 400.0 108.0 chosen
2568.0 8888.0 468.0 108.0 instead.
3204.0 8884.0 568.0 132.0 However,
3868.0 8884.0 556.0 104.0 amateurs
4516.0 8872.0 280.0 108.0 need
4884.0 8876.0 200.0 104.0 not
5172.0 8868.0 132.0 108.0 be

632.0 9088.0 376.0 108.0 afraid
1076.0 9092.0 120.0 104.0 to
1264.0 9092.0 180.0 136.0 try
1516.0 9080.0 412.0 112.0 serious
1996.0 9076.0 312.0 148.0 plays
2376.0 9112.0 124.0 72.0 or
2568.0 9108.0 264.0 72.0 even
2904.0 9072.0 312.0 104.0 those
3284.0 9064.0 360.0 108.0 which
3720.0 9100.0 184.0 72.0 are
3972.0 9056.0 508.0 144.0 strongly
4548.0 9052.0 584.0 136.0 dramatic,
5208.0 9052.0 96.0 108.0 if

624.0 9272.0 272.0 140.0 they
944.0 9304.0 184.0 72.0 are
1180.0 9264.0 432.0 144.0 willing
1664.0 9272.0 112.0 100.0 to
1824.0 9256.0 604.0 112.0 undertake
2476.0 9252.0 292.0 112.0 their
2816.0 9252.0 300.0 104.0 work
3168.0 9244.0 528.0 144.0 seriously
3748.0 9240.0 224.0 112.0 and
4024.0 9236.0 328.0 116.0 think
4404.0 9244.0 200.0 104.0 out
4652.0 9232.0 296.0 112.0 their
4996.0 9236.0 308.0 140.0 parts

628.0 9452.0 280.0 108.0 with
972.0 9448.0 520.0 140.0 sincerity
1560.0 9444.0 220.0 108.0 and
1844.0 9476.0 276.0 76.0 care.

936.0 9632.0 104.0 108.0 A
1100.0 9664.0 240.0 72.0 new
1404.0 9624.0 544.0 112.0 dramatic
2012.0 9624.0 328.0 132.0 form,
2412.0 9656.0 204.0 72.0 one
2676.0 9612.0 360.0 112.0 which
3100.0 9612.0 204.0 108.0 has
3368.0 9612.0 240.0 140.0 just
3672.0 9640.0 304.0 76.0 come
4040.0 9604.0 248.0 108.0 into
4348.0 9600.0 708.0 148.0 prominence
5128.0 9592.0 184.0 112.0 for

640.0 9820.0 588.0 124.0 amateurs,
1312.0 9808.0 96.0 108.0 is
1492.0 9804.0 188.0 112.0 the
1764.0 9808.0 428.0 104.0 one-act
2272.0 9800.0 292.0 144.0 play.
2724.0 9796.0 616.0 140.0 Beginners
3424.0 9828.0 208.0 72.0 can
3716.0 9788.0 316.0 108.0 often
4112.0 9784.0 144.0 112.0 do
4340.0 9820.0 204.0 72.0 one
4632.0 9816.0 308.0 76.0 scene
5024.0 9776.0 280.0 132.0 well,

640.0 9992.0 528.0 144.0 bringing
1260.0 9984.0 744.0 112.0 considerable
2100.0 9980.0 680.0 108.0 enthusiasm
2880.0 9976.0 220.0 108.0 and
3192.0 9972.0 556.0 112.0 freshness
3836.0 9968.0 244.0 108.0 into
4176.0 9964.0 300.0 112.0 their
4568.0 9960.0 336.0 136.0 work,
5000.0 9956.0 312.0 108.0 when

640.0 10180.0 264.0 136.0 they
984.0 10176.0 408.0 108.0 cannot
1476.0 10168.0 424.0 108.0 sustain
1984.0 10200.0 68.0 72.0 a
2124.0 10164.0 264.0 140.0 long
2468.0 10168.0 260.0 140.0 part
2804.0 10156.0 488.0 140.0 through
3376.0 10152.0 412.0 112.0 several
3868.0 10152.0 264.0 104.0 acts.
4292.0 10144.0 356.0 112.0 There
4732.0 10176.0 188.0 76.0 are
4996.0 10140.0 320.0 108.0 other

632.0 10356.0 684.0 140.0 advantages
1384.0 10352.0 124.0 104.0 in
1572.0 10348.0 184.0 112.0 the
1828.0 10352.0 428.0 104.0 one-act
2320.0 10344.0 288.0 144.0 play.
2760.0 10340.0 112.0 108.0 It
2940.0 10340.0 304.0 140.0 gives
3308.0 10372.0 144.0 72.0 an
3520.0 10328.0 728.0 148.0 opportunity
4316.0 10328.0 180.0 108.0 for
4560.0 10360.0 304.0 72.0 more
4932.0 10316.0 384.0 148.0 people

636.0 10544.0 124.0 104.0 to
844.0 10536.0 728.0 144.0 participate;
1656.0 10528.0 96.0 108.0 it
1832.0 10528.0 372.0 108.0 makes
2288.0 10520.0 468.0 148.0 possible
2844.0 10556.0 64.0 72.0 a
2988.0 10552.0 520.0 108.0 program
3592.0 10512.0 360.0 108.0 which
4036.0 10508.0 100.0 112.0 is
4212.0 10508.0 384.0 108.0 varied
4676.0 10504.0 440.0 140.0 enough
5192.0 10504.0 120.0 104.0 to

656.0 10716.0 364.0 144.0 please
1096.0 10748.0 216.0 112.0 any
1384.0 10712.0 588.0 132.0 audience;
2048.0 10708.0 96.0 108.0 it
2216.0 10708.0 300.0 108.0 takes
2588.0 10700.0 212.0 112.0 less
2880.0 10700.0 268.0 112.0 time
3220.0 10704.0 116.0 104.0 to
3412.0 10724.0 464.0 116.0 prepare
3948.0 10688.0 220.0 116.0 and
4240.0 10688.0 96.0 112.0 is
4408.0 10688.0 220.0 108.0 less
4696.0 10684.0 432.0 112.0 trouble
5204.0 10688.0 116.0 104.0 to

640.0 10908.0 348.0 132.0 stage.

952.0 11076.0 280.0 116.0 This
1292.0 11076.0 432.0 108.0 one-act
1784.0 11068.0 256.0 148.0 play
2096.0 11068.0 196.0 112.0 has
2356.0 11064.0 356.0 112.0 found
2772.0 11064.0 332.0 108.0 much
3168.0 11060.0 320.0 108.0 favor
3544.0 11052.0 272.0 112.0 with
3872.0 11048.0 696.0 148.0 high-school
4632.0 11048.0 220.0 108.0 and
4916.0 11044.0 408.0 144.0 college

652.0 11260.0 340.0 112.0 clubs.
1156.0 11260.0 236.0 108.0 One
1472.0 11256.0 252.0 108.0 club
1808.0 11252.0 120.0 108.0 in
2012.0 11288.0 64.0 72.0 a
2160.0 11248.0 476.0 140.0 Chicago
2720.0 11244.0 408.0 108.0 suburb
3208.0 11240.0 200.0 108.0 has
3488.0 11236.0 328.0 144.0 given
3892.0 11268.0 260.0 76.0 over
4228.0 11232.0 308.0 144.0 forty
4616.0 11228.0 312.0 112.0 short
5004.0 11224.0 320.0 148.0 plays

664.0 11444.0 268.0 104.0 with
996.0 11440.0 336.0 108.0 much
1400.0 11468.0 452.0 76.0 success.

956.0 11620.0 364.0 108.0 There
1368.0 11620.0 100.0 104.0 is
1528.0 11616.0 300.0 140.0 quite
1884.0 11648.0 64.0 76.0 a
2000.0 11612.0 272.0 140.0 long
2316.0 11608.0 192.0 136.0 lisf
2564.0 11608.0 120.0 108.0 of
2740.0 11608.0 300.0 108.0 these
3100.0 11604.0 436.0 108.0 one-act
3584.0 11600.0 316.0 148.0 plays
3956.0 11596.0 300.0 112.0 from
4312.0 11592.0 364.0 112.0 which
4728.0 11596.0 120.0 108.0 to
4908.0 11588.0 424.0 132.0 choose,

668.0 11804.0 288.0 108.0 most
1012.0 11800.0 128.0 108.0 of
1196.0 11800.0 304.0 108.0 them
1560.0 11796.0 416.0 140.0 having
2028.0 11796.0 272.0 104.0 been
2356.0 11788.0 444.0 108.0 written
2860.0 11788.0 120.0 104.0 in
3040.0 11788.0 376.0 104.0 recent
3468.0 11812.0 344.0 112.0 years.
3952.0 11776.0 308.0 112.0 Here
4320.0 11812.0 188.0 72.0 are
4572.0 11808.0 64.0 72.0 a
4696.0 11772.0 220.0 108.0 few
4972.0 11764.0 360.0 112.0 which

668.0 12020.0 248.0 104.0 may
988.0 12016.0 332.0 108.0 prove
1388.0 11976.0 676.0 144.0 suggestive:

964.0 12216.0 172.0 108.0 "A
1212.0 12216.0 308.0 108.0 Hero
1592.0 12212.0 180.0 108.0 for
1844.0 12248.0 64.0 72.0 a
1976.0 12152.0 780.0 168.0 Husband.'"

972.0 12400.0 308.0 108.0 "The
1352.0 12392.0 692.0 144.0 Neighbors"
2200.0 12396.0 292.0 104.0 Zona
2568.0 12384.0 296.0 116.0 Gale.

972.0 12580.0 644.0 140.0 "Augustus
1684.0 12576.0 120.0 104.0 in
1876.0 12576.0 400.0 108.0 Search
2344.0 12572.0 120.0 108.0 of
2528.0 12608.0 64.0 72.0 a
2656.0 12560.0 484.0 116.0 Father"
3292.0 12560.0 440.0 112.0 Harold
3804.0 12560.0 472.0 140.0 Chapin.

980.0 12760.0 312.0 108.0 "The
1360.0 12756.0 276.0 108.0 Rose
1700.0 12756.0 308.0 108.0 With
2072.0 12792.0 68.0 68.0 a
2204.0 12752.0 448.0 108.0 Thorn"
2812.0 12748.0 436.0 108.0 Pierrot
3316.0 12744.0 312.0 140.0 Play.

972.0 12944.0 352.0 104.0 Seven
1388.0 12936.0 336.0 108.0 Short
1784.0 12936.0 328.0 140.0 Plays
2192.0 12936.0 272.0 140.0 (any
2524.0 12932.0 260.0 140.0 one)
2960.0 12924.0 312.0 144.0 Lady
3332.0 12924.0 524.0 140.0 Gregory.

980.0 13120.0 568.0 112.0 Comedies
1620.0 13116.0 120.0 108.0 in
1816.0 13116.0 612.0 108.0 Miniature
2584.0 13112.0 568.0 140.0 Margaret
3228.0 13108.0 576.0 108.0 Cameron.

1060.0 13528.0 2292.0 100.0 x''Xx-xX"X"X":"X"X'XX":"

688.0 13656.0 84.0 276.0 1
1344.0 13716.0 576.0 260.0 Way
2004.0 13756.0 232.0 180.0 tz
2324.0 13716.0 516.0 260.0 Stop

688.0 13940.0 84.0 240.0 I
1080.0 13984.0 904.0 260.0 Tipping
2072.0 13980.0 1036.0 208.0 Nuisance

692.0 14188.0 84.0 272.0 I

696.0 14412.0 80.0 88.0 6
936.0 14424.0 132.0 88.0 By
1116.0 14424.0 112.0 76.0 H.
1260.0 14424.0 112.0 76.0 A.
1408.0 14420.0 540.0 88.0 PREVOST,
1976.0 14420.0 300.0 76.0 World
2300.0 14420.0 436.0 88.0 Traveler,
2764.0 14420.0 212.0 76.0 New
3008.0 14420.0 236.0 80.0 York

700.0 14532.0 76.0 64.0 V

752.0 14596.0 2736.0 96.0 "X"X"X"X"X"X"X"X"XK"X"X"XK"X,'X

940.0 18260.0 2596.0 112.0 Mxx'X-xX'-X'X":X"X4

1128.0 18496.0 656.0 172.0 French
1896.0 18496.0 500.0 168.0 Have
2512.0 18484.0 656.0 168.0 Proved

744.0 18692.0 76.0 208.0 I
1052.0 18732.0 1044.0 204.0 Superiority
2180.0 18732.0 172.0 160.0 in
2436.0 18724.0 808.0 164.0 Aviation

744.0 18940.0 76.0 104.0 x

748.0 19104.0 76.0 88.0 ?
3460.0 19092.0 84.0 100.0 X

748.0 19200.0 52.0 60.0 V
912.0 19176.0 136.0 84.0 By
1076.0 19176.0 224.0 80.0 John
1328.0 19172.0 776.0 84.0 Domenjo,5wua
2124.0 19168.0 388.0 84.0 Aviator,
2540.0 19164.0 592.0 84.0 Washington,
3152.0 19164.0 216.0 76.0 D.C
3460.0 19176.0 84.0 68.0 V

756.0 19260.0 32.0 72.0 t
3460.0 19260.0 84.0 80.0 V

756.0 19344.0 2788.0 100.0 XK'X,XX"X"XXX".".vvvvV

3672.0 7260.0 144.0 108.0 In
3876.0 7256.0 508.0 108.0 amateur
4440.0 7244.0 600.0 116.0 dramatics
5100.0 7240.0 192.0 112.0 the

3528.0 7440.0 464.0 108.0 interest
4120.0 7436.0 100.0 108.0 is
4352.0 7428.0 360.0 112.0 found
4844.0 7428.0 124.0 108.0 in
5104.0 7424.0 188.0 108.0 the

3528.0 7620.0 560.0 108.0 freshness
4252.0 7612.0 224.0 112.0 and
4644.0 7604.0 648.0 148.0 originality

3528.0 7800.0 364.0 108.0 which
4016.0 7792.0 96.0 112.0 is
4240.0 7796.0 316.0 108.0 often
4684.0 7784.0 604.0 148.0 displayed,

3532.0 7980.0 204.0 108.0 but
3836.0 7976.0 120.0 108.0 in
4056.0 7976.0 344.0 116.0 detail
4500.0 7972.0 220.0 108.0 and
4820.0 7964.0 472.0 112.0 finished

3536.0 8160.0 588.0 140.0 technique
4208.0 8160.0 560.0 104.0 amateurs
4856.0 8184.0 184.0 76.0 are
5128.0 8148.0 124.0 108.0 of-

3536.0 8348.0 192.0 100.0 ten
3840.0 8340.0 336.0 108.0 weak.
4368.0 8336.0 224.0 108.0 For
4704.0 8328.0 252.0 112.0 that
5064.0 8364.0 236.0 72.0 rea-

3736.0 13520.0 120.0 108.0 If
3916.0 13520.0 404.0 108.0 there's
4388.0 13552.0 216.0 108.0 any
4668.0 13512.0 284.0 144.0 good
5020.0 13516.0 116.0 104.0 at
5200.0 13508.0 148.0 112.0 all

3588.0 13708.0 112.0 104.0 to
3804.0 13736.0 300.0 76.0 come
4200.0 13704.0 200.0 104.0 out
4492.0 13696.0 124.0 108.0 of
4708.0 13696.0 188.0 108.0 the
4996.0 13696.0 304.0 104.0 Euro-

3588.0 13920.0 288.0 108.0 pean
3948.0 13920.0 260.0 96.0 war,
4284.0 13880.0 96.0 112.0 it
4456.0 13916.0 256.0 104.0 may
4784.0 13880.0 132.0 104.0 be
4992.0 13872.0 356.0 112.0 found

3588.0 14068.0 124.0 104.0 in
3796.0 14068.0 192.0 108.0 the
4076.0 14064.0 636.0 108.0 abatement
4796.0 14056.0 224.0 112.0 and
5108.0 14088.0 200.0 112.0 per-

3592.0 14248.0 276.0 144.0 haps
3964.0 14248.0 188.0 108.0 the
4244.0 14240.0 516.0 112.0 eventual
4848.0 14236.0 460.0 112.0 elimina-

3600.0 14432.0 240.0 108.0 tion
3912.0 14428.0 124.0 108.0 of
4104.0 14428.0 192.0 112.0 the
4360.0 14424.0 452.0 144.0 tipping
4884.0 14416.0 252.0 112.0 evil.

3760.0 14612.0 472.0 108.0 Waiters
4336.0 14608.0 124.0 104.0 in
4564.0 14604.0 464.0 108.0 London
5140.0 14596.0 220.0 112.0 and

704.0 14816.0 316.0 108.0 Paris
1092.0 14812.0 216.0 108.0 and
1380.0 14812.0 120.0 104.0 in
1572.0 14808.0 188.0 112.0 the
1828.0 14804.0 444.0 112.0 smaller
2344.0 14804.0 308.0 108.0 cities
2724.0 14800.0 120.0 108.0 in
2912.0 14800.0 444.0 136.0 Europe
3424.0 14792.0 356.0 108.0 where
3852.0 14792.0 60.0 108.0 I
3984.0 14796.0 296.0 104.0 went
4348.0 14824.0 184.0 72.0 are
4600.0 14780.0 760.0 144.0 complaining

704.0 14996.0 372.0 140.0 loudly
1136.0 14996.0 248.0 104.0 that
1440.0 14992.0 256.0 140.0 they
1760.0 15024.0 180.0 76.0 are
2000.0 14992.0 200.0 104.0 not
2256.0 14984.0 436.0 140.0 getting
2748.0 15016.0 212.0 108.0 any
3024.0 14980.0 220.0 140.0 tips
3304.0 15012.0 124.0 72.0 or
3484.0 14980.0 200.0 104.0 not
3740.0 14972.0 440.0 144.0 getting
4236.0 14972.0 188.0 108.0 the
4488.0 14972.0 224.0 140.0 tips
4772.0 14968.0 260.0 140.0 they
5092.0 14960.0 272.0 108.0 used

708.0 15184.0 104.0 104.0 to
884.0 15180.0 216.0 140.0 get.
1248.0 15176.0 256.0 104.0 You
1576.0 15208.0 204.0 100.0 see,
1852.0 15168.0 188.0 112.0 the
2112.0 15168.0 372.0 104.0 native
2556.0 15164.0 620.0 132.0 Londoner,
3252.0 15196.0 116.0 72.0 as
3436.0 15156.0 244.0 108.0 well
3756.0 15192.0 112.0 72.0 as
3940.0 15156.0 188.0 108.0 the
4196.0 15152.0 372.0 108.0 native
4644.0 15148.0 552.0 128.0 Parisian,
5268.0 15144.0 96.0 108.0 is

708.0 15368.0 192.0 100.0 not
960.0 15360.0 184.0 104.0 the
1208.0 15392.0 204.0 72.0 one
1476.0 15356.0 240.0 104.0 who
1776.0 15348.0 396.0 112.0 caused
2228.0 15348.0 448.0 140.0 tipping
2732.0 15352.0 116.0 100.0 to
2908.0 15344.0 436.0 108.0 become
3408.0 15376.0 64.0 72.0 a
3528.0 15336.0 556.0 108.0 nuisance.
4228.0 15336.0 116.0 108.0 It
4400.0 15368.0 216.0 68.0 was
4680.0 15332.0 192.0 108.0 the
4932.0 15324.0 384.0 112.0 Ameri-

708.0 15576.0 196.0 72.0 can
976.0 15540.0 240.0 104.0 who
1284.0 15532.0 392.0 112.0 caused
1752.0 15532.0 180.0 112.0 the
2000.0 15528.0 460.0 112.0 trouble.
2612.0 15528.0 216.0 104.0 His
2896.0 15516.0 680.0 152.0 prodigality
3648.0 15512.0 420.0 148.0 spoiled
4136.0 15516.0 192.0 108.0 the
4400.0 15516.0 592.0 136.0 European
5060.0 15508.0 260.0 108.0 wait-

712.0 15756.0 192.0 76.0 ers.
1076.0 15716.0 544.0 144.0 Anybody
1708.0 15712.0 244.0 108.0 who
2036.0 15712.0 196.0 108.0 has
2324.0 15704.0 488.0 116.0 traveled
2904.0 15704.0 176.0 112.0 in,
3116.0 15704.0 444.0 140.0 Europe
3648.0 15700.0 376.0 108.0 knows
4108.0 15696.0 252.0 108.0 that
4452.0 15696.0 180.0 108.0 the
4728.0 15692.0 224.0 144.0 tips
5044.0 15688.0 324.0 144.0 given

716.0 15900.0 604.0 144.0 employees
1408.0 15900.0 196.0 104.0 not
1696.0 15896.0 296.0 140.0 only-
2044.0 15892.0 120.0 104.0 in
2256.0 15892.0 184.0 108.0 the
2528.0 15884.0 388.0 136.0 hotels,
3004.0 15884.0 204.0 112.0 but
3300.0 15916.0 144.0 72.0 on
3536.0 15880.0 388.0 132.0 trains,
4016.0 15876.0 124.0 108.0 in
4232.0 15876.0 188.0 112.0 the
4512.0 15872.0 860.0 132.0 customhouses,

716.0 16080.0 696.0 144.0 everywhere,
1480.0 16112.0 272.0 72.0 were
1816.0 16072.0 604.0 140.0 absolutely
2484.0 16100.0 568.0 108.0 necessary
3112.0 16064.0 96.0 108.0 if
3272.0 16100.0 204.0 72.0 one
3536.0 16096.0 220.0 72.0 was
3820.0 16068.0 112.0 104.0 to
3996.0 16064.0 188.0 136.0 get
4244.0 16092.0 216.0 108.0 any
4524.0 16052.0 436.0 108.0 service.
5108.0 16052.0 212.0 108.0 Em-

712.0 16264.0 424.0 144.0 ployers
1200.0 16256.0 636.0 144.0 recognized
1896.0 16256.0 124.0 132.0 it,
2084.0 16252.0 220.0 108.0 and
2368.0 16248.0 260.0 144.0 paid
2692.0 16248.0 292.0 112.0 their
3044.0 16240.0 608.0 144.0 employees
3712.0 16240.0 212.0 108.0 less
3980.0 16272.0 396.0 112.0 money
4440.0 16236.0 276.0 108.0 than
4780.0 16236.0 256.0 144.0 they
5100.0 16268.0 272.0 72.0 were

720.0 16444.0 460.0 108.0 entitled
1248.0 16448.0 148.0 124.0 to,
1464.0 16440.0 188.0 108.0 the
1716.0 16436.0 372.0 144.0 public
2148.0 16432.0 444.0 144.0 paying.

1012.0 16624.0 328.0 108.0 Since
1396.0 16620.0 184.0 112.0 the
1636.0 16652.0 228.0 72.0 war
1916.0 16616.0 304.0 108.0 there
2276.0 16612.0 196.0 108.0 has
2532.0 16612.0 268.0 108.0 been
2860.0 16604.0 860.0 144.0 comparatively
3776.0 16600.0 296.0 112.0 little
4132.0 16600.0 452.0 144.0 tipping
4640.0 16604.0 276.0 108.0 done
4980.0 16600.0 116.0 104.0 in
5164.0 16632.0 216.0 104.0 any

728.0 16808.0 108.0 108.0 Df
900.0 16804.0 188.0 112.0 the
1148.0 16804.0 188.0 140.0 big
1396.0 16804.0 592.0 136.0 European
2048.0 16796.0 344.0 104.0 cities.
2536.0 16792.0 240.0 108.0 The
2832.0 16788.0 536.0 108.0 residents
3436.0 16788.0 120.0 108.0 of
3620.0 16784.0 464.0 108.0 London
4152.0 16784.0 220.0 108.0 and
4440.0 16784.0 316.0 104.0 Paris
4824.0 16780.0 268.0 108.0 have
5160.0 16780.0 216.0 104.0 had

724.0 16996.0 108.0 100.0 to
912.0 16992.0 192.0 104.0 cut
1180.0 16984.0 316.0 108.0 down
1576.0 16980.0 288.0 108.0 their
1940.0 16976.0 224.0 140.0 tips
2244.0 16976.0 452.0 108.0 because
2772.0 17008.0 392.0 104.0 money
3244.0 16972.0 92.0 104.0 is
3412.0 17000.0 396.0 100.0 scarce,
3888.0 16964.0 220.0 108.0 and
4188.0 16964.0 308.0 108.0 there
4576.0 17000.0 184.0 72.0 are
4836.0 16996.0 260.0 104.0 very
5172.0 16960.0 208.0 108.0 few

732.0 17168.0 636.0 108.0 Americans
1452.0 17156.0 584.0 144.0 traveling.
2196.0 17152.0 496.0 144.0 Perhaps
2772.0 17152.0 188.0 108.0 the
3044.0 17144.0 372.0 148.0 public
3496.0 17144.0 232.0 112.0 will
3808.0 17144.0 308.0 108.0 learn
4192.0 17144.0 144.0 144.0 by
4420.0 17144.0 632.0 140.0 experience
5140.0 17140.0 248.0 108.0 that

724.0 17348.0 448.0 144.0 tipping
1240.0 17380.0 204.0 72.0 can
1520.0 17344.0 132.0 108.0 be
1716.0 17340.0 280.0 108.0 done
2068.0 17372.0 304.0 104.0 away
2444.0 17332.0 264.0 108.0 with
2784.0 17332.0 100.0 108.0 if
2956.0 17328.0 148.0 108.0 all
3180.0 17360.0 452.0 108.0 persons
3700.0 17324.0 228.0 108.0 will
4000.0 17324.0 500.0 112.0 combine
4576.0 17328.0 124.0 104.0 in
4768.0 17324.0 184.0 108.0 the
5028.0 17360.0 308.0 68.0 move-

728.0 17532.0 336.0 128.0 ment,
1124.0 17524.0 220.0 108.0 and
1400.0 17520.0 224.0 112.0 this
1684.0 17520.0 92.0 108.0 is
1832.0 17520.0 188.0 108.0 the
2072.0 17512.0 756.0 144.0 opportunity.
2964.0 17512.0 152.0 108.0 At
3176.0 17544.0 212.0 104.0 any
3444.0 17512.0 268.0 132.0 rate,
3772.0 17508.0 308.0 112.0 those
4140.0 17508.0 120.0 108.0 in
4320.0 17508.0 440.0 140.0 Europe
4816.0 17504.0 240.0 108.0 who
5112.0 17504.0 272.0 108.0 have

736.0 17708.0 608.0 108.0 heretofore
1404.0 17700.0 564.0 144.0 depended
2028.0 17692.0 416.0 144.0 largely
2508.0 17732.0 136.0 68.0 on
2712.0 17696.0 184.0 104.0 the
2956.0 17692.0 220.0 140.0 tips
3240.0 17692.0 120.0 108.0 of
3424.0 17688.0 608.0 140.0 foreigners
4096.0 17688.0 272.0 112.0 have
4428.0 17688.0 500.0 144.0 perforce
4992.0 17684.0 220.0 112.0 had
5280.0 17692.0 108.0 104.0 to

732.0 17896.0 176.0 136.0 get
976.0 17888.0 328.0 140.0 along
1368.0 17884.0 468.0 108.0 without
1904.0 17880.0 340.0 128.0 them,
2312.0 17876.0 220.0 104.0 and
2604.0 17876.0 88.0 108.0 it
2760.0 17872.0 92.0 108.0 is
2920.0 17908.0 152.0 104.0 up
3144.0 17876.0 112.0 104.0 to
3324.0 17872.0 184.0 108.0 the
3576.0 17868.0 372.0 144.0 public
4016.0 17904.0 244.0 72.0 now
4328.0 17876.0 116.0 104.0 to
4508.0 17868.0 272.0 144.0 keep
4852.0 17868.0 96.0 112.0 it
5012.0 17868.0 372.0 144.0 going.

3792.0 18260.0 236.0 108.0 The
4120.0 18260.0 432.0 108.0 French
4632.0 18260.0 276.0 108.0 have
4996.0 18252.0 404.0 148.0 proved

3644.0 18444.0 188.0 108.0 the
3900.0 18440.0 496.0 144.0 superior
4456.0 18440.0 120.0 108.0 of
4636.0 18440.0 152.0 104.0 all
4848.0 18440.0 368.0 108.0 others
5284.0 18440.0 116.0 100.0 in

3648.0 18620.0 520.0 112.0 aviation.
4316.0 18620.0 356.0 108.0 There
4740.0 18620.0 196.0 108.0 has
5000.0 18620.0 268.0 104.0 been
5340.0 18652.0 56.0 68.0 a

3660.0 18800.0 624.0 108.0 wonderful
4396.0 18800.0 768.0 140.0 development
5268.0 18796.0 120.0 108.0 of

3648.0 18984.0 188.0 108.0 the
3888.0 19028.0 12.0 12.0 '
3984.0 18980.0 584.0 144.0 aeroplane
4712.0 18980.0 120.0 104.0 in
4984.0 18980.0 420.0 104.0 France

3660.0 19164.0 296.0 108.0 since
4064.0 19164.0 184.0 108.0 the
4352.0 19200.0 224.0 68.0 war
4684.0 19164.0 384.0 136.0 began,
5184.0 19156.0 216.0 112.0 and

3648.0 19344.0 324.0 108.0 while
4104.0 19344.0 184.0 108.0 the
4420.0 19344.0 576.0 144.0 Zeppelins
5128.0 19340.0 276.0 108.0 have

756.0 19544.0 488.0 144.0 n-rought
1308.0 19540.0 680.0 108.0 destruction
2052.0 19540.0 120.0 104.0 in
2244.0 19540.0 416.0 104.0 France
2724.0 19572.0 116.0 72.0 as
2896.0 19532.0 244.0 108.0 well
3204.0 19568.0 116.0 72.0 as
3380.0 19528.0 120.0 108.0 in
3564.0 19520.0 560.0 148.0 England,
4188.0 19524.0 184.0 108.0 the
4436.0 19524.0 432.0 108.0 French
4928.0 19520.0 272.0 112.0 have
5264.0 19556.0 144.0 72.0 on

764.0 19724.0 124.0 112.0 ill
944.0 19728.0 548.0 104.0 occasions
1552.0 19724.0 820.0 108.0 demonstrated
2436.0 19720.0 288.0 112.0 their
2780.0 19716.0 664.0 148.0 superiority
3504.0 19716.0 116.0 104.0 in
3680.0 19716.0 184.0 104.0 the
3920.0 19704.0 572.0 144.0 operation
4552.0 19708.0 120.0 104.0 of
4732.0 19704.0 668.0 140.0 aeroplanes.

756.0 19908.0 44.0 108.0 I
860.0 19904.0 396.0 108.0 should
1312.0 19940.0 188.0 104.0 say
1560.0 19904.0 248.0 112.0 that
1868.0 19904.0 184.0 108.0 the
2108.0 19908.0 288.0 104.0 ratio
2452.0 19904.0 120.0 108.0 of
2628.0 19904.0 544.0 136.0 efficiency
3236.0 19900.0 88.0 108.0 is
3384.0 19896.0 336.0 108.0 about
3780.0 19892.0 208.0 108.0 five
4040.0 19896.0 116.0 96.0 to
4212.0 19896.0 212.0 100.0 two
4488.0 19888.0 116.0 104.0 in
4668.0 19888.0 316.0 104.0 favor
5040.0 19884.0 120.0 108.0 of
5216.0 19884.0 188.0 108.0 the

764.0 20088.0 408.0 108.0 French
1240.0 20120.0 256.0 72.0 over
1564.0 20084.0 188.0 108.0 the
1824.0 20084.0 536.0 108.0 Germans
2432.0 20084.0 112.0 104.0 in
2620.0 20080.0 580.0 144.0 aeroplane
3268.0 20076.0 664.0 140.0 operations.
4080.0 20068.0 232.0 108.0 The
4388.0 20072.0 536.0 104.0 Germans
4996.0 20068.0 272.0 104.0 have
5340.0 20100.0 60.0 72.0 a

768.0 20300.0 232.0 108.0 rery
1064.0 20268.0 280.0 140.0 good
1412.0 20264.0 504.0 108.0 machine
1984.0 20264.0 112.0 104.0 in
2160.0 20264.0 184.0 108.0 the
2408.0 20264.0 360.0 128.0 taube,
2832.0 20264.0 200.0 104.0 but
3096.0 20264.0 96.0 104.0 it
3248.0 20256.0 252.0 108.0 does
3568.0 20260.0 192.0 100.0 not
3824.0 20284.0 504.0 104.0 compare
4392.0 20248.0 268.0 108.0 with
4724.0 20248.0 184.0 108.0 the
4976.0 20244.0 432.0 108.0 French

772.0 20448.0 560.0 108.0 nachines.
1472.0 20444.0 240.0 108.0 The
1780.0 20444.0 508.0 140.0 English,
2352.0 20436.0 1000.0 140.0 notwithstanding
3416.0 20436.0 252.0 136.0 they
3736.0 20464.0 272.0 72.0 were
4076.0 20428.0 544.0 140.0 supposed
4688.0 20436.0 116.0 96.0 to
4868.0 20428.0 128.0 104.0 be
5064.0 20424.0 344.0 108.0 ahead

648.0 20728.0 12.0 8.0 .
816.0 20628.0 52.0 108.0 f
920.0 20632.0 316.0 104.0 other
1288.0 20628.0 440.0 104.0 nations
1792.0 20632.0 116.0 100.0 at
1968.0 20624.0 180.0 108.0 the
2212.0 20628.0 356.0 104.0 outset
2624.0 20620.0 124.0 108.0 of
2808.0 20620.0 184.0 108.0 the
3052.0 20648.0 256.0 100.0 war,
3368.0 20616.0 272.0 104.0 have
3696.0 20608.0 344.0 108.0 fallen
4108.0 20612.0 176.0 104.0 far
4344.0 20608.0 440.0 104.0 behind.

1044.0 20808.0 176.0 108.0 No
1292.0 20844.0 200.0 72.0 one
1572.0 20808.0 224.0 104.0 will
1876.0 20840.0 500.0 108.0 presume
2456.0 20808.0 112.0 104.0 to
2640.0 20808.0 344.0 100.0 assert
3060.0 20832.0 212.0 108.0 any
3348.0 20792.0 384.0 140.0 longer
3808.0 20788.0 248.0 108.0 that
4128.0 20788.0 188.0 108.0 the
4392.0 20788.0 576.0 144.0 aeroplane
5048.0 20788.0 92.0 104.0 is
5216.0 20792.0 196.0 100.0 not

780.0 21024.0 168.0 80.0 me
1008.0 20988.0 120.0 108.0 of
1196.0 20988.0 176.0 108.0 the
1436.0 20996.0 284.0 104.0 most
1784.0 20988.0 612.0 140.0 important
2460.0 20988.0 724.0 104.0 instruments
3244.0 20976.0 120.0 108.0 of
3428.0 20968.0 500.0 136.0 warfare,
3996.0 20972.0 96.0 108.0 if
4156.0 20976.0 196.0 104.0 not
4412.0 20968.0 184.0 108.0 the
4660.0 20976.0 288.0 100.0 most
5008.0 20968.0 356.0 140.0 impor-

780.0 21176.0 248.0 100.0 ;ant.
1180.0 21172.0 112.0 104.0 It
1360.0 21172.0 92.0 104.0 is
1520.0 21176.0 180.0 136.0 yet
1776.0 21168.0 116.0 108.0 in
1960.0 21168.0 144.0 108.0 its
2176.0 21168.0 492.0 136.0 infancy,
2736.0 21164.0 524.0 128.0 hov,ever,
3332.0 21156.0 220.0 108.0 and
3624.0 21156.0 56.0 104.0 I
3752.0 21152.0 252.0 104.0 look
4072.0 21152.0 180.0 104.0 for
4316.0 21148.0 680.0 108.0 remarkable
5064.0 21144.0 300.0 108.0 devel-

824.0 21360.0 432.0 128.0 pments
1324.0 21384.0 264.0 72.0 even
1656.0 21352.0 368.0 108.0 before
2096.0 21348.0 184.0 108.0 the
2352.0 21348.0 588.0 136.0 European
3008.0 21340.0 492.0 136.0 struggle
3572.0 21336.0 92.0 108.0 is
3736.0 21332.0 384.0 108.0 ended.
4268.0 21332.0 236.0 108.0 The
4576.0 21328.0 392.0 108.0 battles
5044.0 21328.0 116.0 104.0 in
5236.0 21328.0 184.0 108.0 the

784.0 21532.0 140.0 104.0 lir
988.0 21532.0 268.0 104.0 have
1324.0 21532.0 368.0 104.0 shown
1768.0 21528.0 240.0 108.0 that
2072.0 21528.0 180.0 108.0 for
2308.0 21528.0 416.0 104.0 offense
2788.0 21524.0 216.0 108.0 and
3076.0 21516.0 444.0 120.0 defense
3592.0 21516.0 184.0 108.0 the
3840.0 21512.0 448.0 144.0 biplane
4356.0 21512.0 92.0 108.0 is
4520.0 21512.0 180.0 104.0 the
4764.0 21520.0 288.0 96.0 most
5116.0 21508.0 256.0 104.0 valu-

788.0 21708.0 268.0 132.0 ible;
1140.0 21712.0 112.0 104.0 in
1336.0 21712.0 264.0 128.0 fact,
1688.0 21712.0 84.0 108.0 it
1852.0 21708.0 92.0 108.0 is
2028.0 21708.0 184.0 108.0 the
2288.0 21708.0 256.0 140.0 only
2624.0 21708.0 504.0 104.0 machine
3212.0 21692.0 216.0 116.0 for"
3472.0 21696.0 220.0 108.0 this
3768.0 21696.0 328.0 108.0 work.
4256.0 21696.0 220.0 104.0 For
4552.0 21692.0 536.0 140.0 mapping
5164.0 21724.0 212.0 108.0 pur-

792.0 21924.0 280.0 108.0 poses
1160.0 21892.0 180.0 108.0 the
1428.0 21888.0 656.0 140.0 monoplane
2172.0 21888.0 92.0 104.0 is
2352.0 21884.0 616.0 144.0 preferable
3056.0 21892.0 108.0 104.0 to
3252.0 21880.0 188.0 112.0 the
3524.0 21876.0 476.0 144.0 biplane,
4084.0 21876.0 208.0 108.0 but
4372.0 21872.0 96.0 112.0 it
4552.0 21876.0 92.0 108.0 is
4728.0 21880.0 176.0 100.0 too
4988.0 21868.0 292.0 144.0 light
5364.0 21908.0 60.0 72.0 a

800.0 22072.0 460.0 104.0 nnchine
1332.0 22072.0 176.0 104.0 for
1572.0 22068.0 468.0 108.0 combat.

5420.0 2752.0 636.0 460.0 PORT
6120.0 2748.0 276.0 96.0 Said,
6452.0 2740.0 460.0 88.0 situated
6968.0 2744.0 108.0 80.0 at
7132.0 2740.0 180.0 84.0 the
7364.0 2736.0 312.0 88.0 north-

5852.0 2912.0 184.0 64.0 ern
6092.0 2892.0 500.0 80.0 entrance
6648.0 2884.0 108.0 84.0 to
6816.0 2880.0 176.0 88.0 the
7052.0 2884.0 264.0 84.0 Suez
7372.0 2872.0 336.0 104.0 canal,

5848.0 3028.0 224.0 100.0 has,
6152.0 3028.0 128.0 100.0 by
6356.0 3024.0 288.0 84.0 force
6716.0 3020.0 108.0 84.0 of
6896.0 3040.0 312.0 76.0 many
7284.0 3016.0 392.0 84.0 circum-

5852.0 3172.0 460.0 88.0 stances,
6436.0 3164.0 432.0 84.0 become
6984.0 3176.0 200.0 64.0 one
7304.0 3152.0 108.0 84.0 of
7528.0 3152.0 180.0 92.0 tie

5412.0 3312.0 276.0 84.0 most
5772.0 3304.0 576.0 104.0 important
6432.0 3300.0 488.0 100.0 outposts
7008.0 3296.0 108.0 80.0 of
7204.0 3292.0 172.0 84.0 the
7468.0 3292.0 236.0 84.0 vast

5416.0 3448.0 392.0 84.0 British
5880.0 3444.0 428.0 100.0 empire,
6380.0 3460.0 248.0 80.0 says
6700.0 3456.0 64.0 64.0 a
6832.0 3432.0 448.0 88.0 bulletin
7348.0 3428.0 112.0 84.0 of
7524.0 3428.0 180.0 84.0 the

5412.0 3584.0 492.0 88.0 National
5960.0 3576.0 656.0 104.0 Geographic
6672.0 3572.0 440.0 100.0 society.
7232.0 3572.0 92.0 84.0 It
7380.0 3568.0 88.0 84.0 is
7524.0 3568.0 180.0 84.0 the

5416.0 3724.0 396.0 84.0 British
5912.0 3720.0 628.0 84.0 storehouse
6636.0 3716.0 108.0 84.0 In
6840.0 3712.0 180.0 84.0 the
7124.0 3708.0 584.0 84.0 Levantine

5416.0 3860.0 360.0 100.0 world;
5844.0 3860.0 80.0 88.0 it
5972.0 3860.0 88.0 84.0 is
6112.0 3880.0 60.0 64.0 a
6220.0 3852.0 400.0 88.0 British
6672.0 3848.0 424.0 88.0 arsenal
7144.0 3848.0 204.0 88.0 and
7400.0 3852.0 300.0 92.0 troop

5416.0 4004.0 392.0 84.0 station
5876.0 4000.0 108.0 84.0 of
6048.0 4000.0 312.0 100.0 rank;
6444.0 3996.0 80.0 84.0 it
6592.0 3992.0 96.0 84.0 i9
6748.0 3992.0 180.0 84.0 the
7000.0 3988.0 252.0 84.0 base
7316.0 3988.0 164.0 80.0 for
7548.0 3984.0 124.0 84.0 de-

5416.0 4140.0 296.0 88.0 fense
5780.0 4136.0 108.0 88.0 of
5952.0 4136.0 180.0 88.0 the
6196.0 4132.0 764.0 104.0 all-important
7020.0 4128.0 304.0 84.0 route
7388.0 4128.0 112.0 80.0 to
7564.0 4120.0 112.0 84.0 In-

5420.0 4280.0 168.0 84.0 dia
5664.0 4276.0 208.0 88.0 and
5952.0 4276.0 164.0 84.0 for
6192.0 4272.0 404.0 84.0 offense
6676.0 4268.0 424.0 100.0 against
7180.0 4264.0 180.0 84.0 the
7440.0 4260.0 236.0 84.0 Med-

5420.0 4416.0 596.0 88.0 iterranean
6088.0 4412.0 204.0 88.0 and
6372.0 4408.0 220.0 88.0 Red
6668.0 4428.0 188.0 64.0 sea
6932.0 4404.0 336.0 88.0 flanks
7348.0 4404.0 108.0 84.0 of
7528.0 4404.0 180.0 80.0 the

5420.0 4552.0 372.0 88.0 Turks.

5532.0 4696.0 92.0 84.0 A
5688.0 4692.0 432.0 100.0 pioneer
6184.0 4688.0 216.0 104.0 city
6468.0 4688.0 108.0 84.0 In
6640.0 4684.0 180.0 84.0 the
6888.0 4680.0 432.0 88.0 ancient
7384.0 4680.0 308.0 96.0 East;

5420.0 4852.0 188.0 68.0 Dne
5704.0 4828.0 452.0 104.0 entirely
6248.0 4828.0 180.0 84.0 the
6528.0 4824.0 444.0 104.0 product
7068.0 4824.0 108.0 84.0 of
7272.0 4820.0 432.0 84.0 modern

5424.0 4972.0 332.0 96.0 times,
5828.0 4968.0 444.0 84.0 without
6340.0 4964.0 600.0 96.0 traditions,
7016.0 4960.0 500.0 92.0 customs,
7592.0 4976.0 116.0 64.0 or

5424.0 5108.0 664.0 104.0 proprieties;
6180.0 5128.0 64.0 64.0 a
6312.0 5104.0 872.0 96.0 heterogeneous,
7260.0 5092.0 420.0 88.0 undefin-

5424.0 5248.0 236.0 88.0 able
5720.0 5244.0 216.0 104.0 city
5996.0 5244.0 112.0 88.0 of
6168.0 5248.0 400.0 96.0 sweaty
6632.0 5240.0 224.0 100.0 toU,
6920.0 5236.0 468.0 104.0 gigantic
7452.0 5232.0 232.0 84.0 busi-

5424.0 5404.0 276.0 80.0 ness,
5776.0 5384.0 112.0 84.0 of
5960.0 5384.0 140.0 84.0 all
6180.0 5404.0 304.0 64.0 races
6556.0 5376.0 208.0 92.0 aDl
6840.0 5380.0 112.0 84.0 cf
7028.0 5376.0 140.0 84.0 all
7244.0 5376.0 184.0 84.0 the
7500.0 5376.0 184.0 80.0 out-

5428.0 5528.0 316.0 96.0 casts,
5844.0 5520.0 252.0 88.0 Port
6192.0 5520.0 248.0 88.0 Said
6540.0 5520.0 196.0 84.0 hat
6832.0 5516.0 268.0 88.0 been
7196.0 5536.0 64.0 64.0 a
7356.0 5512.0 364.0 100.0 highly

5424.0 5664.0 624.0 100.0 interesting
6092.0 5660.0 732.0 104.0 phenomenon
6872.0 5656.0 292.0 84.0 since
7216.0 5656.0 140.0 80.0 its
7404.0 5648.0 312.0 88.0 birth.

5432.0 5800.0 88.0 88.0 It
5600.0 5800.0 292.0 104.0 early
5976.0 5796.0 388.0 88.0 earned
6448.0 5820.0 64.0 64.0 a
6596.0 5792.0 636.0 88.0 world-wide
7312.0 5792.0 376.0 96.0 reputa-

5432.0 5940.0 220.0 88.0 tion
5716.0 5940.0 164.0 84.0 for
5944.0 5936.0 692.0 96.0 wickedness,
6704.0 5932.0 364.0 88.0 beside
7132.0 5928.0 344.0 88.0 which
7544.0 5924.0 176.0 88.0 the

5436.0 6080.0 408.0 88.0 modest
5932.0 6080.0 280.0 84.0 fame
6300.0 6076.0 112.0 84.0 of
6496.0 6076.0 184.0 84.0 the
6768.0 6076.0 464.0 80.0 western
7320.0 6064.0 404.0 100.0 mining

5436.0 6240.0 300.0 80.0 camp
5820.0 6236.0 348.0 64.0 seems
6252.0 6216.0 112.0 84.0 to
6448.0 6232.0 360.0 80.0 merge
6892.0 6208.0 224.0 84.0 into
7204.0 6204.0 180.0 84.0 the
7468.0 6200.0 252.0 88.0 mild

5436.0 6356.0 196.0 88.0 and
5748.0 6352.0 768.0 88.0 conventional.
6692.0 6348.0 224.0 84.0 The
7024.0 6348.0 284.0 80.0 most
7412.0 6340.0 280.0 84.0 unde-

5436.0 6492.0 388.0 92.0 sirable
5920.0 6492.0 516.0 88.0 elements
6532.0 6488.0 108.0 84.0 In
6728.0 6484.0 184.0 88.0 the
7000.0 6488.0 428.0 80.0 eastern
7520.0 6476.0 204.0 88.0 and

5444.0 6632.0 572.0 88.0 Levantine
6104.0 6628.0 428.0 88.0 nations
6624.0 6624.0 248.0 104.0 met,
6960.0 6616.0 464.0 108.0 mingled
7516.0 6616.0 208.0 88.0 and

5436.0 6772.0 304.0 84.0 made
5844.0 6772.0 188.0 84.0 life
6132.0 6788.0 200.0 64.0 one
6432.0 6764.0 644.0 88.0 excitement
7176.0 6760.0 280.0 84.0 after
7560.0 6776.0 132.0 64.0 an-

5440.0 6912.0 304.0 84.0 other
5804.0 6912.0 112.0 84.0 at
5980.0 6908.0 252.0 88.0 Port
6300.0 6904.0 280.0 88.0 Said.
6700.0 6900.0 236.0 88.0 And
6996.0 6900.0 184.0 84.0 the
7244.0 6896.0 312.0 100.0 damp
7620.0 6892.0 112.0 88.0 of

5444.0 7052.0 176.0 84.0 the
5708.0 7048.0 452.0 100.0 climate,
6248.0 7044.0 184.0 84.0 the
6524.0 7040.0 544.0 88.0 incessant
7152.0 7036.0 384.0 84.0 clatter
7624.0 7032.0 108.0 84.0 of

5444.0 7212.0 520.0 80.0 snipping,
6016.0 7212.0 180.0 60.0 me
6252.0 7212.0 312.0 56.0 urear
6616.0 7212.0 476.0 68.0 uceueiy,
7152.0 7212.0 176.0 48.0 ma
7380.0 7212.0 304.0 44.0 uevei-

5444.0 7328.0 392.0 104.0 ending
5900.0 7324.0 416.0 100.0 coaling
6388.0 7316.0 612.0 104.0 operations
7068.0 7312.0 208.0 88.0 and
7344.0 7312.0 184.0 84.0 the
7596.0 7308.0 112.0 84.0 of-

5448.0 7468.0 176.0 84.0 ten
5688.0 7464.0 316.0 88.0 fierce
6064.0 7460.0 256.0 84.0 heat
6380.0 7456.0 268.0 84.0 have
6712.0 7448.0 552.0 92.0 combined
7328.0 7452.0 112.0 84.0 to
7500.0 7448.0 236.0 104.0 give

5452.0 7608.0 176.0 84.0 the
5716.0 7608.0 284.0 80.0 town
6084.0 7620.0 60.0 64.0 a
6228.0 7616.0 428.0 64.0 renown
6736.0 7592.0 112.0 84.0 of
6924.0 7612.0 64.0 64.0 a
7068.0 7592.0 284.0 84.0 most
7432.0 7608.0 276.0 64.0 unen-

5452.0 7740.0 352.0 88.0 viable
5880.0 7740.0 252.0 88.0 sort.

5648.0 7888.0 204.0 80.0 Not
5924.0 7888.0 132.0 80.0 So
6124.0 7876.0 432.0 88.0 Wicked
6632.0 7876.0 100.0 84.0 In
6812.0 7872.0 312.0 88.0 Later
7192.0 7872.0 364.0 84.0 Years.

5580.0 8016.0 224.0 88.0 The
5860.0 8012.0 472.0 104.0 English,
6388.0 8012.0 520.0 96.0 however,
6964.0 8008.0 272.0 84.0 have
7292.0 8000.0 456.0 104.0 steadily

5456.0 8152.0 588.0 104.0 dampened
6148.0 8152.0 180.0 84.0 the
6432.0 8148.0 508.0 84.0 ardorous
7044.0 8164.0 496.0 64.0 excesses
7640.0 8140.0 112.0 84.0 of

5460.0 8292.0 184.0 88.0 the
5744.0 8292.0 296.0 100.0 busy,
6136.0 8288.0 436.0 84.0 modern
6672.0 8284.0 368.0 100.0 Babel;
7156.0 8280.0 240.0 100.0 and,
7496.0 8276.0 252.0 88.0 with

5456.0 8432.0 184.0 84.0 the
5704.0 8428.0 548.0 88.0 extensive
6312.0 8424.0 388.0 88.0 harbor
6760.0 8420.0 824.0 104.0 improvements
7648.0 8416.0 108.0 84.0 of

5464.0 8564.0 552.0 100.0 1903-1909,
6080.0 8564.0 252.0 84.0 with
6392.0 8564.0 184.0 84.0 the
6632.0 8560.0 476.0 88.0 addition
7168.0 8560.0 112.0 84.0 of
7336.0 8576.0 68.0 64.0 a
7460.0 8556.0 292.0 100.0 large

5464.0 8708.0 364.0 84.0 cotton
5892.0 8708.0 372.0 96.0 export
6328.0 8704.0 112.0 80.0 to
6504.0 8700.0 180.0 84.0 the
6752.0 8696.0 368.0 88.0 town's
7188.0 8696.0 568.0 92.0 activities,

5464.0 8844.0 208.0 88.0 and
5752.0 8840.0 256.0 84.0 with
6088.0 8840.0 180.0 88.0 the
6348.0 8836.0 472.0 100.0 building
6896.0 8836.0 112.0 84.0 of
7080.0 8856.0 64.0 64.0 a
7220.0 8828.0 504.0 92.0 standard-

5468.0 9000.0 336.0 80.0 gauge
5864.0 8976.0 460.0 88.0 railroad
6380.0 8980.0 112.0 84.0 to
6552.0 8972.0 340.0 104.0 Cairo,
6952.0 8992.0 64.0 64.0 a
7072.0 8972.0 348.0 84.0 better
7476.0 8972.0 280.0 84.0 class

5468.0 9120.0 112.0 84.0 of
5660.0 9116.0 372.0 104.0 people
6116.0 9116.0 272.0 84.0 have
6472.0 9112.0 384.0 100.0 sought
6936.0 9128.0 232.0 68.0 new
7252.0 9112.0 504.0 80.0 interests

5472.0 9256.0 112.0 84.0 In
5648.0 9256.0 248.0 84.0 Port
5964.0 9252.0 276.0 92.0 Said.
6368.0 9252.0 320.0 96.0 Thus,
6752.0 9248.0 256.0 84.0 with
7068.0 9248.0 184.0 84.0 the
7316.0 9248.0 412.0 84.0 Increas-

5468.0 9392.0 184.0 104.0 ing
5748.0 9392.0 112.0 84.0 of
5956.0 9392.0 184.0 88.0 the
6236.0 9388.0 328.0 104.0 port's
6664.0 9384.0 672.0 88.0 commercial
7440.0 9384.0 288.0 104.0 possi-

5476.0 9532.0 396.0 84.0 bilities
5964.0 9528.0 208.0 88.0 and
6260.0 9528.0 184.0 84.0 the
6536.0 9524.0 416.0 100.0 coming
7040.0 9524.0 112.0 84.0 of
7236.0 9524.0 184.0 84.0 the
7508.0 9544.0 224.0 60.0 mer-

5476.0 9668.0 408.0 96.0 chants,
5968.0 9668.0 184.0 84.0 the
6232.0 9664.0 300.0 104.0 place
6612.0 9664.0 196.0 84.0 has
6896.0 9664.0 268.0 84.0 been
7244.0 9660.0 492.0 84.0 consider-

5476.0 9808.0 244.0 100.0 ably
5816.0 9800.0 352.0 88.0 raised
6268.0 9804.0 108.0 84.0 in
6472.0 9800.0 184.0 84.0 the
6752.0 9800.0 328.0 84.0 social
7176.0 9796.0 288.0 88.0 scale
7556.0 9796.0 208.0 88.0 and

5472.0 9940.0 456.0 88.0 lowered
5976.0 9940.0 108.0 88.0 in
6132.0 9940.0 180.0 88.0 the
6360.0 9940.0 288.0 84.0 scale
6696.0 9940.0 112.0 84.0 of
6856.0 9936.0 268.0 84.0 lurid
7176.0 9936.0 480.0 84.0 interest.

5604.0 10080.0 224.0 84.0 The
5900.0 10084.0 236.0 96.0 port
6208.0 10080.0 216.0 100.0 city
6488.0 10096.0 220.0 64.0 was
6784.0 10072.0 460.0 88.0 founded
7316.0 10072.0 108.0 84.0 in
7500.0 10072.0 264.0 104.0 ISflS,

5480.0 10216.0 208.0 88.0 and
5780.0 10216.0 144.0 88.0 its
6012.0 10216.0 204.0 84.0 site
6304.0 10232.0 224.0 68.0 was
6616.0 10208.0 656.0 88.0 determined
7364.0 10208.0 136.0 100.0 by
7588.0 10212.0 180.0 96.0 tile

5472.0 10356.0 336.0 88.0 needs
5888.0 10352.0 112.0 88.0 of
6072.0 10352.0 180.0 84.0 the
6332.0 10356.0 300.0 96.0 great
6712.0 10348.0 336.0 88.0 canal.
7192.0 10348.0 92.0 84.0 It
7356.0 10348.0 204.0 88.0 liee
7628.0 10364.0 136.0 72.0 an

5480.0 10516.0 68.0 68.0 a
5616.0 10492.0 232.0 100.0 low,
5916.0 10512.0 448.0 76.0 narrow,
6436.0 10488.0 476.0 84.0 desolate
6984.0 10484.0 268.0 100.0 strip
7324.0 10484.0 116.0 84.0 of
7508.0 10484.0 260.0 92.0 c&nd

5472.0 10632.0 240.0 88.0 that
5764.0 10632.0 544.0 96.0 separates
6356.0 10624.0 184.0 88.0 the
6592.0 10624.0 856.0 84.0 Mediterranean
7532.0 10632.0 236.0 76.0 yom

5416.0 10772.0 16.0 24.0 '
5484.0 10768.0 288.0 88.0 Lake
5840.0 10764.0 580.0 88.0 Menzaleh.
6548.0 10760.0 96.0 88.0 It
6708.0 10760.0 92.0 84.0 is
6868.0 10780.0 132.0 64.0 on
7064.0 10760.0 180.0 88.0 the
7316.0 10760.0 460.0 84.0 western

5488.0 10908.0 228.0 84.0 side
5776.0 10904.0 112.0 88.0 of
5940.0 10904.0 184.0 88.0 the
6180.0 10900.0 336.0 88.0 canal.
6640.0 10896.0 224.0 88.0 The
6920.0 10896.0 444.0 92.0 harbors
7428.0 10896.0 112.0 84.0 of
7596.0 10896.0 180.0 84.0 the

5480.0 11048.0 272.0 100.0 port,
5856.0 11040.0 544.0 104.0 improved
6504.0 11040.0 140.0 104.0 by
6744.0 11032.0 488.0 112.0 splendid
7336.0 11032.0 444.0 88.0 modern

5548.0 18532.0 880.0 140.0 WICKEDEST
6504.0 18528.0 384.0 140.0 SPOT
6972.0 18528.0 132.0 136.0 IN
7188.0 18524.0 648.0 140.0 AMERICA

5556.0 18852.0 248.0 88.0 Last
5864.0 18856.0 328.0 88.0 Stand
6252.0 18860.0 172.0 80.0 for
6476.0 18856.0 580.0 104.0 Gamblers,
7116.0 18856.0 468.0 80.0 Gunmen
7624.0 18848.0 200.0 84.0 and

5880.0 18996.0 720.0 108.0 Desperadoes
6696.0 18996.0 88.0 84.0 Is
6864.0 18992.0 196.0 84.0 Tla
7136.0 18992.0 372.0 104.0 Juana,

6396.0 19136.0 96.0 80.0 In
6568.0 19132.0 428.0 84.0 Mexico.

5676.0 19396.0 320.0 104.0 Many
6068.0 19400.0 432.0 84.0 visitors
6572.0 19400.0 108.0 84.0 to
6752.0 19396.0 180.0 88.0 the
7004.0 19400.0 364.0 80.0 recent
7440.0 19392.0 360.0 100.0 exposi-

5552.0 19540.0 284.0 84.0 tions
5940.0 19536.0 108.0 84.0 in
6160.0 19536.0 580.0 88.0 California
6840.0 19532.0 232.0 84.0 who
7180.0 19528.0 440.0 100.0 stopped
7732.0 19528.0 100.0 80.0 in

5556.0 19676.0 208.0 80.0 San
5864.0 19676.0 328.0 96.0 Diego
6288.0 19672.0 224.0 84.0 also
6608.0 19668.0 248.0 88.0 took
6948.0 19692.0 68.0 60.0 a
7104.0 19668.0 244.0 84.0 look
7440.0 19672.0 112.0 80.0 at
7644.0 19664.0 192.0 84.0 Tia

5552.0 19812.0 372.0 96.0 Juana,
6004.0 19808.0 436.0 104.0 Mexico,
6524.0 19828.0 64.0 60.0 a
6664.0 19804.0 280.0 88.0 little
7016.0 19824.0 324.0 80.0 group
7420.0 19800.0 112.0 84.0 of
7608.0 19820.0 196.0 64.0 one-

5552.0 19952.0 296.0 92.0 story
6000.0 19944.0 420.0 96.0 shacks,
6572.0 19964.0 388.0 64.0 canvas
7112.0 19936.0 368.0 84.0 walled
7632.0 19932.0 204.0 88.0 and

5556.0 20104.0 444.0 76.0 scenery
6112.0 20076.0 448.0 100.0 fronted,
6668.0 20076.0 232.0 88.0 that
7000.0 20076.0 172.0 100.0 lay
7280.0 20068.0 556.0 104.0 spraddled

5552.0 20220.0 184.0 84.0 out
5828.0 20220.0 108.0 80.0 in
6028.0 20216.0 180.0 84.0 the
6300.0 20216.0 416.0 96.0 broilng
6800.0 20212.0 188.0 84.0 hot
7076.0 20232.0 196.0 64.0 sun
7360.0 20208.0 224.0 100.0 ju3t
7680.0 20208.0 160.0 84.0 far

5556.0 20352.0 416.0 100.0 enough
6032.0 20360.0 268.0 80.0 from
6360.0 20352.0 184.0 84.0 the
6596.0 20348.0 212.0 84.0 line
6864.0 20356.0 108.0 76.0 to
7032.0 20364.0 380.0 80.0 escape
7472.0 20344.0 180.0 84.0 the
7712.0 20344.0 100.0 80.0 le-

5560.0 20492.0 168.0 100.0 gal
5808.0 20488.0 664.0 84.0 restrictions
6548.0 20488.0 112.0 84.0 of
6736.0 20484.0 580.0 88.0 California
7384.0 20480.0 200.0 84.0 and
7664.0 20480.0 180.0 84.0 the

5560.0 20624.0 388.0 88.0 United
6024.0 20628.0 352.0 88.0 States
6448.0 20624.0 716.0 96.0 government.

5684.0 20780.0 196.0 84.0 Tia
5964.0 20776.0 344.0 88.0 Juana
6396.0 20772.0 500.0 100.0 probably
6984.0 20792.0 216.0 60.0 was
7336.0 20768.0 200.0 84.0 and
7628.0 20768.0 92.0 84.0 is

5564.0 20916.0 176.0 88.0 the
5832.0 20912.0 576.0 84.0 wickedest
6492.0 20916.0 240.0 88.0 spot
6812.0 20928.0 128.0 64.0 on
7024.0 20908.0 188.0 84.0 the
7288.0 20904.0 560.0 84.0 American

5564.0 21052.0 576.0 92.0 continent,
6232.0 21068.0 64.0 60.0 a
6384.0 21052.0 224.0 76.0 sort
6696.0 21044.0 108.0 84.0 of
6892.0 21064.0 60.0 64.0 a
7040.0 21044.0 208.0 84.0 last
7340.0 21040.0 308.0 84.0 stand
7740.0 21040.0 108.0 84.0 of

5572.0 21188.0 188.0 84.0 the
5872.0 21184.0 540.0 100.0 "gunmen,
6428.0 21180.0 52.0 36.0 "
6596.0 21180.0 584.0 100.0 sure-thing
7288.0 21176.0 560.0 100.0 gamblers,

5560.0 21320.0 804.0 88.0 "honk-a-tonk"
6448.0 21316.0 444.0 100.0 keepers
6980.0 21316.0 204.0 84.0 and
7268.0 21316.0 220.0 100.0 Just
7568.0 21316.0 280.0 100.0 plain

5560.0 21456.0 744.0 104.0 desperadoes,
6388.0 21456.0 232.0 80.0 who
6700.0 21452.0 272.0 84.0 have
7052.0 21452.0 260.0 84.0 been
7396.0 21472.0 192.0 60.0 run
7672.0 21456.0 180.0 76.0 out

5564.0 21600.0 116.0 84.0 of
5792.0 21596.0 140.0 84.0 all
6040.0 21592.0 304.0 84.0 other
6448.0 21592.0 468.0 80.0 sections
7024.0 21592.0 112.0 80.0 of
7240.0 21588.0 180.0 84.0 the
7528.0 21588.0 320.0 84.0 West

5564.0 21732.0 376.0 104.0 Opium
6036.0 21728.0 624.0 100.0 smuggling,
6752.0 21748.0 204.0 76.0 gun
7048.0 21724.0 484.0 100.0 running,
7628.0 21744.0 188.0 60.0 con-

5568.0 21868.0 432.0 100.0 ducting
6136.0 21868.0 424.0 80.0 saloons
6696.0 21864.0 252.0 84.0 with
7088.0 21864.0 264.0 80.0 "win
7492.0 21856.0 360.0 104.0 proof

5572.0 22004.0 528.0 104.0 gambling
6152.0 22000.0 384.0 84.0 houses
6592.0 21984.0 524.0 112.0 attached,
7168.0 21992.0 684.0 104.0 hippodrome

5576.0 22144.0 208.0 84.0 bull
5864.0 22144.0 348.0 100.0 fshts,
6300.0 22140.0 104.0 84.0 in
6484.0 22136.0 340.0 88.0 which
6908.0 22136.0 188.0 92.0 the
7172.0 22132.0 388.0 96.0 tourist
7632.0 22148.0 224.0 76.0 was

7828.0 2732.0 636.0 88.0 hinterland.
8624.0 2736.0 88.0 84.0 It
8796.0 2736.0 96.0 84.0 Is
8976.0 2736.0 220.0 96.0 just
9288.0 2736.0 176.0 80.0 ten
9548.0 2752.0 312.0 80.0 years
9948.0 2724.0 168.0 88.0 old

7828.0 2872.0 204.0 88.0 and
8144.0 2876.0 92.0 80.0 is
8348.0 2896.0 196.0 60.0 one
8652.0 2872.0 108.0 84.0 of
8868.0 2872.0 180.0 84.0 the
9156.0 2876.0 296.0 96.0 great
9564.0 2868.0 552.0 96.0 latter-day

7824.0 3012.0 792.0 84.0 achievements
8672.0 3008.0 396.0 88.0 toward
9120.0 3008.0 180.0 84.0 the
9352.0 3008.0 612.0 96.0 reclaiming
10016.0 3004.0 108.0 84.0 of

7828.0 3152.0 180.0 84.0 the
8072.0 3152.0 280.0 84.0 Dark
8412.0 3152.0 568.0 84.0 Continent
9036.0 3148.0 164.0 84.0 for
9260.0 3144.0 176.0 84.0 the
9500.0 3144.0 316.0 84.0 white
9876.0 3160.0 244.0 64.0 man

7824.0 3288.0 208.0 88.0 and
8096.0 3288.0 668.0 88.0 civilization.
8892.0 3288.0 288.0 80.0 More
9240.0 3284.0 256.0 84.0 than
9556.0 3284.0 244.0 92.0 this,
9856.0 3280.0 232.0 84.0 how-

7828.0 3448.0 280.0 80.0 ever,
8172.0 3428.0 80.0 84.0 it
8316.0 3428.0 88.0 84.0 is
8472.0 3448.0 60.0 64.0 a
8596.0 3424.0 508.0 100.0 strategic
9168.0 3424.0 224.0 84.0 link
9452.0 3424.0 104.0 80.0 in
9620.0 3420.0 180.0 84.0 the
9864.0 3420.0 232.0 84.0 Brit-

7828.0 3568.0 164.0 84.0 ish
8044.0 3568.0 428.0 100.0 empire,
8512.0 3564.0 296.0 88.0 fitted
8864.0 3584.0 116.0 64.0 so
9028.0 3560.0 232.0 88.0 well
9316.0 3560.0 220.0 84.0 into
9584.0 3560.0 180.0 80.0 the
9816.0 3556.0 312.0 84.0 chain

7828.0 3704.0 240.0 92.0 that
8140.0 3704.0 320.0 100.0 today
8540.0 3704.0 84.0 88.0 it
8704.0 3704.0 92.0 84.0 is
8872.0 3724.0 200.0 64.0 one
9152.0 3700.0 108.0 84.0 of
9336.0 3700.0 180.0 84.0 the
9596.0 3696.0 284.0 84.0 most
9952.0 3696.0 140.0 80.0 im-

7832.0 3848.0 432.0 96.0 portant
8388.0 3844.0 396.0 84.0 factors
8912.0 3840.0 104.0 88.0 in
9148.0 3840.0 176.0 88.0 the
9448.0 3836.0 444.0 88.0 defense
10016.0 3828.0 112.0 88.0 of

7832.0 3984.0 436.0 100.0 Egypt's
8336.0 3984.0 268.0 84.0 back
8668.0 3980.0 284.0 88.0 door.

7964.0 4124.0 252.0 84.0 Port
8280.0 4120.0 420.0 92.0 Soudan
8760.0 4120.0 88.0 84.0 is
8908.0 4140.0 60.0 64.0 a
9028.0 4116.0 328.0 88.0 brand
9420.0 4136.0 228.0 64.0 new
9708.0 4112.0 420.0 100.0 harbor,

7836.0 4260.0 452.0 104.0 planned
8368.0 4260.0 104.0 84.0 in
8552.0 4260.0 140.0 84.0 all
8772.0 4260.0 180.0 84.0 the
9028.0 4256.0 380.0 84.0 details
9488.0 4256.0 112.0 84.0 of
9676.0 4252.0 144.0 88.0 its
9892.0 4272.0 196.0 64.0 con-

7832.0 4400.0 516.0 84.0 struction
8404.0 4396.0 200.0 88.0 and
8648.0 4396.0 564.0 100.0 outfitting,
9252.0 4392.0 200.0 88.0 and
9508.0 4392.0 248.0 84.0 then
9808.0 4388.0 284.0 88.0 build-

7836.0 4536.0 132.0 88.0 ed
8052.0 4560.0 120.0 64.0 as
8256.0 4560.0 64.0 64.0 a
8404.0 4536.0 364.0 88.0 whole.
8916.0 4536.0 92.0 84.0 It
9088.0 4556.0 216.0 64.0 was
9384.0 4556.0 64.0 60.0 a
9532.0 4524.0 592.0 92.0 successful

7840.0 4680.0 240.0 100.0 port
8144.0 4676.0 272.0 84.0 from
8480.0 4676.0 176.0 88.0 the
8720.0 4676.0 264.0 96.0 first,
9048.0 4672.0 204.0 84.0 and
9320.0 4672.0 80.0 84.0 it
9464.0 4668.0 88.0 88.0 is
9620.0 4692.0 232.0 60.0 now
9920.0 4668.0 176.0 84.0 bet-

7840.0 4820.0 164.0 80.0 ter
8068.0 4812.0 508.0 104.0 prepared
8644.0 4816.0 108.0 84.0 to
8812.0 4812.0 388.0 88.0 handle
9268.0 4832.0 60.0 64.0 a
9392.0 4808.0 240.0 88.0 mad
9696.0 4804.0 256.0 88.0 rush
10020.0 4804.0 108.0 84.0 of

7836.0 4976.0 220.0 64.0 war
8104.0 4952.0 488.0 84.0 business
8648.0 4952.0 252.0 88.0 than
8956.0 4956.0 276.0 80.0 most
9280.0 4948.0 108.0 88.0 of
9440.0 4948.0 180.0 84.0 the
9672.0 4948.0 292.0 100.0 ports
10024.0 4944.0 104.0 80.0 in

7840.0 5092.0 180.0 88.0 the
8104.0 5092.0 384.0 84.0 middle
8568.0 5096.0 288.0 80.0 East.
8996.0 5088.0 492.0 100.0 Through
9568.0 5084.0 216.0 88.0 this
9864.0 5084.0 264.0 100.0 port,

7840.0 5232.0 372.0 84.0 should
8276.0 5232.0 80.0 84.0 it
8416.0 5232.0 124.0 84.0 be
8600.0 5248.0 568.0 80.0 necessary
9232.0 5228.0 164.0 84.0 for
9448.0 5224.0 180.0 88.0 the
9688.0 5224.0 440.0 84.0 defense

7844.0 5372.0 112.0 84.0 of
8036.0 5368.0 320.0 88.0 lower
8440.0 5372.0 372.0 100.0 Egypt,
8896.0 5368.0 324.0 84.0 Great
9304.0 5364.0 408.0 84.0 Britain
9796.0 5360.0 336.0 100.0 might

7840.0 5532.0 260.0 80.0 pour
8164.0 5508.0 136.0 84.0 all
8368.0 5508.0 108.0 84.0 of
8544.0 5508.0 176.0 84.0 the
8784.0 5504.0 488.0 100.0 strength
9332.0 5504.0 112.0 84.0 of
9504.0 5500.0 188.0 88.0 her
9760.0 5496.0 384.0 88.0 Indian1

7844.0 5648.0 396.0 100.0 empire
8292.0 5644.0 440.0 88.0 without
8780.0 5664.0 204.0 80.0 any
9036.0 5640.0 256.0 88.0 such
9348.0 5644.0 228.0 80.0 fear
9624.0 5640.0 108.0 84.0 of
9780.0 5660.0 60.0 64.0 a
9888.0 5636.0 216.0 84.0 traf-

7844.0 5784.0 128.0 88.0 fic
8044.0 5788.0 216.0 100.0 jam
8328.0 5804.0 120.0 64.0 as
8520.0 5784.0 232.0 84.0 that
8820.0 5780.0 456.0 88.0 realized
9348.0 5780.0 136.0 100.0 by
9556.0 5776.0 572.0 88.0 munitions

7844.0 5924.0 388.0 100.0 import
8344.0 5928.0 112.0 80.0 at
8568.0 5920.0 720.0 88.0 Vladivostok.
9464.0 5920.0 324.0 100.0 Army
9908.0 5932.0 192.0 80.0 sup-

7844.0 6064.0 268.0 100.0 plies
8184.0 6060.0 204.0 88.0 and
8460.0 6060.0 360.0 100.0 troops
8892.0 6060.0 336.0 100.0 might
9296.0 6056.0 128.0 88.0 be
9496.0 6052.0 452.0 88.0 handled
10024.0 6052.0 124.0 92.0 la

7844.0 6224.0 208.0 76.0 any
8128.0 6200.0 480.0 100.0 quantity
8680.0 6200.0 332.0 96.0 there,
9088.0 6196.0 176.0 84.0 the
9344.0 6196.0 280.0 84.0 most
9696.0 6192.0 436.0 84.0 modern

7848.0 6344.0 240.0 96.0 port
8156.0 6360.0 132.0 64.0 on
8352.0 6340.0 188.0 84.0 the
8612.0 6336.0 220.0 84.0 Red
8908.0 6356.0 208.0 64.0 sea.

7972.0 6480.0 92.0 84.0 A
8164.0 6476.0 432.0 100.0 railway
8700.0 6476.0 208.0 84.0 line
9008.0 6476.0 504.0 84.0 connects
9612.0 6468.0 184.0 88.0 the
9896.0 6468.0 240.0 100.0 port

7848.0 6616.0 256.0 84.0 with
8204.0 6616.0 180.0 84.0 the
8496.0 6612.0 324.0 104.0 Wady
8920.0 6612.0 324.0 84.0 Haifa
9344.0 6632.0 136.0 64.0 on
9580.0 6608.0 184.0 88.0 the
9864.0 6600.0 288.0 104.0 Nile,'

7848.0 6756.0 464.0 96.0 whence,
8368.0 6752.0 132.0 100.0 by
8560.0 6756.0 460.0 80.0 steamer
9072.0 6748.0 204.0 88.0 and
9336.0 6748.0 228.0 100.0 rail,
9620.0 6748.0 84.0 84.0 it
9760.0 6748.0 92.0 80.0 is
9912.0 6764.0 192.0 68.0 con-

7848.0 6892.0 384.0 92.0 nected
8324.0 6892.0 252.0 84.0 with
8672.0 6888.0 308.0 88.0 Cairo
9072.0 6888.0 204.0 84.0 and
9368.0 6888.0 180.0 84.0 the
9644.0 6888.0 292.0 104.0 ports
10028.0 6880.0 112.0 88.0 of

7848.0 7036.0 324.0 84.0 lower
8224.0 7032.0 372.0 100.0 Egypt.
8708.0 7028.0 224.0 84.0 The
8980.0 7028.0 432.0 100.0 railway
9464.0 7048.0 216.0 60.0 was
9732.0 7020.0 404.0 104.0 opened

7856.0 7172.0 108.0 84.0 in
8092.0 7168.0 240.0 88.0 1906
8452.0 7164.0 208.0 92.0 and
8780.0 7168.0 180.0 84.0 the
9088.0 7164.0 492.0 88.0 stimulus
9700.0 7164.0 236.0 84.0 that
10060.0 7160.0 84.0 88.0 it

7860.0 7308.0 452.0 104.0 brought
8400.0 7308.0 108.0 84.0 to
8596.0 7304.0 180.0 88.0 the
8860.0 7308.0 444.0 100.0 country
9388.0 7304.0 280.0 84.0 went
9752.0 7324.0 64.0 60.0 a
9896.0 7300.0 252.0 100.0 long

7864.0 7468.0 228.0 80.0 way
8192.0 7444.0 396.0 88.0 toward
8688.0 7444.0 564.0 100.0 justifying
9344.0 7440.0 400.0 84.0 British
9844.0 7436.0 276.0 88.0 confi-

7864.0 7584.0 328.0 84.0 dence
8288.0 7584.0 108.0 84.0 in
8492.0 7584.0 180.0 84.0 the
8768.0 7584.0 352.0 84.0 future
9216.0 7580.0 112.0 84.0 of
9416.0 7580.0 180.0 84.0 the
9696.0 7576.0 448.0 88.0 Soudan.

7868.0 7724.0 220.0 84.0 The
8176.0 7720.0 436.0 104.0 railway
8692.0 7720.0 196.0 84.0 has
8980.0 7740.0 60.0 64.0 a
9124.0 7716.0 516.0 88.0 terminus
9728.0 7716.0 224.0 84.0 also
10040.0 7716.0 116.0 80.0 at

7868.0 7860.0 256.0 88.0 Port
8196.0 7860.0 428.0 100.0 Suakin,
8696.0 7880.0 64.0 64.0 a
8828.0 7860.0 216.0 84.0 less
9116.0 7856.0 452.0 84.0 suitable
9636.0 7852.0 388.0 88.0 harbor
10092.0 7872.0 68.0 64.0 a

7868.0 8000.0 276.0 88.0 little
8208.0 8004.0 112.0 84.0 to
8384.0 8000.0 188.0 84.0 the
8636.0 7996.0 308.0 88.0 south
9012.0 7996.0 112.0 84.0 of
9188.0 7996.0 180.0 84.0 the
7868.0 7992.0 2288.0 236.0 made-to-con-tract

8208.0 8140.0 244.0 100.0 city.

8304.0 8284.0 152.0 84.0 On
8520.0 8304.0 56.0 64.0 a
8648.0 8280.0 420.0 96.0 Barren,
9140.0 8276.0 204.0 80.0 Hot
9408.0 8272.0 324.0 88.0 Plain.

8004.0 8412.0 392.0 100.0 Mecca,
8460.0 8412.0 184.0 84.0 the
8704.0 8412.0 248.0 100.0 holy
9016.0 8408.0 216.0 100.0 city
9292.0 8408.0 108.0 84.0 of
9460.0 8408.0 184.0 80.0 the
9708.0 8404.0 424.0 84.0 Moham-

7876.0 8552.0 384.0 88.0 medan
8316.0 8548.0 356.0 100.0 world,
8736.0 8548.0 196.0 84.0 lies
8988.0 8564.0 68.0 68.0 a
9112.0 8544.0 276.0 88.0 little
9444.0 8548.0 112.0 80.0 to
9612.0 8544.0 184.0 84.0 the
9848.0 8540.0 316.0 88.0 north

7876.0 8712.0 368.0 64.0 across
8304.0 8688.0 180.0 88.0 the
8540.0 8684.0 224.0 88.0 Red
8828.0 8708.0 180.0 60.0 sea
9068.0 8684.0 272.0 84.0 from
9400.0 8684.0 252.0 84.0 Port
9712.0 8680.0 452.0 84.0 Soudan.

7880.0 8828.0 228.0 84.0 The
8160.0 8832.0 240.0 100.0 port
8452.0 8828.0 92.0 84.0 is
8604.0 8824.0 176.0 88.0 700
8840.0 8824.0 308.0 84.0 miles
9204.0 8820.0 132.0 100.0 by
9388.0 8820.0 248.0 84.0 boat
9692.0 8816.0 312.0 88.0 south
10060.0 8816.0 108.0 84.0 of

7884.0 8968.0 300.0 96.0 Suez,
8284.0 8964.0 180.0 84.0 the
8564.0 8964.0 504.0 84.0 southern
9164.0 8960.0 520.0 84.0 terminus
9780.0 8956.0 112.0 88.0 of
9988.0 8956.0 184.0 84.0 the

7884.0 9108.0 308.0 96.0 great
8292.0 9100.0 336.0 104.0 canal,
8728.0 9100.0 208.0 84.0 and
9044.0 9100.0 176.0 84.0 495
9324.0 9096.0 308.0 88.0 miles
9736.0 9092.0 136.0 104.0 by
9972.0 9092.0 200.0 88.0 rail

7884.0 9244.0 556.0 84.0 northeast
8512.0 9240.0 112.0 84.0 of
8696.0 9240.0 548.0 84.0 Khartum.
9380.0 9236.0 92.0 84.0 It
9544.0 9236.0 88.0 84.0 is
9708.0 9232.0 464.0 88.0 situated

7884.0 9380.0 112.0 88.0 In
8072.0 9400.0 140.0 64.0 an
8288.0 9376.0 228.0 88.0 arid
8596.0 9376.0 320.0 104.0 plain,
8992.0 9372.0 404.0 88.0 backed
9476.0 9372.0 136.0 104.0 by
9688.0 9392.0 64.0 64.0 a
9828.0 9372.0 348.0 100.0 fringe

7884.0 9520.0 116.0 84.0 of
8072.0 9516.0 252.0 88.0 hills
8404.0 9516.0 204.0 84.0 and
8696.0 9516.0 376.0 84.0 barren
9156.0 9536.0 252.0 60.0 save
9488.0 9512.0 168.0 84.0 for
9728.0 9508.0 444.0 88.0 mimosa

7888.0 9656.0 404.0 88.0 thorns.
8428.0 9652.0 224.0 88.0 The
8720.0 9652.0 428.0 88.0 climate
9220.0 9652.0 92.0 84.0 is
9384.0 9672.0 260.0 80.0 very
9712.0 9648.0 184.0 88.0 hot
9972.0 9644.0 204.0 88.0 and

7888.0 9792.0 344.0 104.0 damp,
8300.0 9792.0 192.0 88.0 full
8556.0 9792.0 112.0 84.0 of
8728.0 9788.0 728.0 100.0 fever-danger
9516.0 9788.0 168.0 84.0 for
9744.0 9788.0 180.0 84.0 the
9992.0 9788.0 156.0 84.0 Eu-

7888.0 9952.0 428.0 84.0 ropean,
8372.0 9928.0 204.0 88.0 and
8636.0 9928.0 216.0 88.0 this
8908.0 9928.0 196.0 84.0 has
9160.0 9924.0 392.0 108.0 proved
9612.0 9928.0 180.0 84.0 the
9848.0 9928.0 304.0 100.0 great-

7896.0 10072.0 164.0 80.0 est
8120.0 10068.0 564.0 84.0 drawback
8744.0 10068.0 168.0 84.0 for
8968.0 10064.0 184.0 88.0 the
9212.0 10064.0 244.0 104.0 city.

8024.0 10204.0 424.0 88.0 Soudan
8540.0 10224.0 220.0 64.0 was
8852.0 10204.0 456.0 100.0 planned
9400.0 10204.0 108.0 84.0 in
9604.0 10200.0 272.0 88.0 1905.
10032.0 10200.0 152.0 88.0 Its

7892.0 10344.0 360.0 96.0 laying
8300.0 10344.0 180.0 84.0 out
8528.0 10340.0 204.0 84.0 and
8784.0 10340.0 564.0 100.0 equipping
9396.0 10344.0 280.0 80.0 went
9724.0 10336.0 456.0 88.0 forward

7896.0 10480.0 456.0 100.0 steadily
8412.0 10476.0 272.0 88.0 until
8744.0 10472.0 276.0 104.0 1901.
9084.0 10476.0 132.0 104.0 by
9276.0 10476.0 344.0 88.0 which
9684.0 10480.0 260.0 80.0 time
10000.0 10476.0 184.0 84.0 the

7896.0 10620.0 696.0 96.0 government
8656.0 10616.0 208.0 88.0 had
8940.0 10620.0 308.0 96.0 Epent
9316.0 10636.0 292.0 64.0 more
9676.0 10616.0 260.0 84.0 than
10008.0 10612.0 148.0 104.0 $4,-

7896.0 10752.0 400.0 104.0 500,000
8352.0 10772.0 136.0 68.0 on
8540.0 10752.0 184.0 88.0 the
8776.0 10752.0 284.0 84.0 town
9108.0 10752.0 208.0 84.0 and
9368.0 10752.0 388.0 84.0 harbor
9808.0 10752.0 376.0 88.0 works.

7896.0 10892.0 744.0 88.0 Commodious
8688.0 10888.0 360.0 104.0 docks,
9096.0 10888.0 488.0 88.0 outfitted
9628.0 10888.0 252.0 88.0 with
9932.0 10888.0 224.0 88.0 elec-

7896.0 11032.0 204.0 88.0 tric
8148.0 11052.0 380.0 68.0 cranes
8576.0 11028.0 208.0 92.0 and
8836.0 11028.0 308.0 88.0 other
9192.0 11028.0 564.0 104.0 up-to-date
9804.0 11028.0 384.0 84.0 harbor

5584.0 15088.0 216.0 280.0 L
5884.0 14996.0 780.0 420.0 f?:
6760.0 14972.0 400.0 440.0 r3
9188.0 15072.0 536.0 448.0 Iff
9788.0 15096.0 368.0 464.0 ff

5536.0 15608.0 280.0 92.0 Uaaaa
5840.0 15632.0 1708.0 68.0 aaaaaa.iMmammaaav
7660.0 15628.0 468.0 52.0 anaaaaaaa
8232.0 15632.0 1056.0 72.0 mmmmmtmmsrm'
9388.0 15640.0 484.0 60.0 immmmmm

5532.0 15976.0 376.0 100.0 works,
5968.0 15996.0 184.0 64.0 are
6208.0 15976.0 232.0 84.0 safe
6496.0 15972.0 208.0 88.0 and
6764.0 15972.0 740.0 88.0 commodious.
7568.0 15968.0 252.0 88.0 Port

5540.0 16112.0 248.0 84.0 Said
5876.0 16112.0 96.0 84.0 is
6056.0 16112.0 300.0 84.0 rated
6440.0 16132.0 124.0 64.0 as
6648.0 16112.0 184.0 84.0 the
6920.0 16108.0 400.0 104.0 largest
7404.0 16108.0 412.0 96.0 coaling

5540.0 16248.0 392.0 84.0 station
6004.0 16248.0 108.0 84.0 in
6180.0 16252.0 184.0 84.0 the
6428.0 16248.0 356.0 96.0 world,
6852.0 16244.0 208.0 88.0 and
7132.0 16248.0 84.0 84.0 it
7280.0 16248.0 92.0 84.0 is
7440.0 16268.0 200.0 64.0 one
7712.0 16244.0 108.0 84.0 of

5536.0 16388.0 180.0 84.0 the
5808.0 16384.0 416.0 88.0 world's
6308.0 16388.0 580.0 100.0 important
6976.0 16384.0 372.0 104.0 depots
7432.0 16384.0 168.0 84.0 for
7680.0 16380.0 140.0 88.0 all

5536.0 16544.0 440.0 68.0 manner
6028.0 16524.0 112.0 88.0 of
6188.0 16524.0 524.0 84.0 maritime
6768.0 16524.0 496.0 100.0 supplies.
7316.0 16520.0 224.0 88.0 The
7592.0 16544.0 200.0 80.0 pop-

5544.0 16664.0 396.0 84.0 ulation
6012.0 16664.0 108.0 84.0 of
6184.0 16664.0 176.0 84.0 the
6432.0 16664.0 212.0 100.0 city
6712.0 16664.0 88.0 80.0 is
6868.0 16660.0 320.0 88.0 about
7256.0 16656.0 364.0 104.0 50,000,
7688.0 16660.0 104.0 84.0 in-

5544.0 16800.0 424.0 100.0 cluding
6036.0 16800.0 904.0 100.0 representatives
7012.0 16800.0 112.0 84.0 of
7196.0 16820.0 316.0 80.0 every
7584.0 16816.0 244.0 64.0 race

5540.0 16936.0 204.0 88.0 and
5812.0 16936.0 640.0 88.0 individuals
6516.0 16936.0 736.0 104.0 representing
7316.0 16936.0 140.0 88.0 all
7520.0 16956.0 304.0 64.0 races

5544.0 17076.0 116.0 84.0 at
5720.0 17096.0 292.0 68.0 once.

5880.0 17220.0 244.0 84.0 Port
6208.0 17220.0 416.0 84.0 Soudan
6712.0 17216.0 244.0 88.0 Also
7052.0 17220.0 88.0 80.0 Is
7228.0 17220.0 280.0 84.0 New.

5672.0 17348.0 472.0 88.0 Another
6204.0 17348.0 636.0 108.0 interesting
6900.0 17352.0 212.0 100.0 city
7172.0 17352.0 108.0 84.0 of
7336.0 17352.0 180.0 84.0 the
7576.0 17368.0 260.0 64.0 near

5540.0 17492.0 268.0 84.0 East
5872.0 17488.0 92.0 88.0 is
6032.0 17488.0 256.0 88.0 Port
6352.0 17488.0 448.0 108.0 Soudan,
6872.0 17488.0 340.0 84.0 which
7280.0 17508.0 216.0 64.0 was
7564.0 17488.0 260.0 84.0 built

5544.0 17628.0 112.0 84.0 to
5740.0 17632.0 480.0 84.0 contract
6296.0 17628.0 336.0 88.0 under
6712.0 17648.0 64.0 64.0 a
6856.0 17628.0 436.0 100.0 capable
7368.0 17624.0 464.0 100.0 military

5544.0 17764.0 864.0 92.0 administration
6488.0 17764.0 208.0 88.0 and
6776.0 17764.0 504.0 104.0 designed
7360.0 17768.0 108.0 80.0 to
7552.0 17764.0 284.0 84.0 meet

5536.0 17908.0 144.0 84.0 all
5744.0 17908.0 184.0 88.0 the
5984.0 17912.0 776.0 96.0 requirements
6820.0 17908.0 112.0 84.0 of
6992.0 17928.0 60.0 64.0 a
7116.0 17908.0 300.0 100.0 great
7480.0 17904.0 356.0 84.0 future

5548.0 18040.0 308.0 88.0 trade
5940.0 18040.0 456.0 104.0 brought
6476.0 18044.0 324.0 84.0 about
6884.0 18040.0 132.0 100.0 by
7100.0 18044.0 180.0 84.0 the
7368.0 18040.0 436.0 100.0 develop-

5548.0 18180.0 296.0 84.0 ment
5904.0 18180.0 112.0 88.0 of
6064.0 18180.0 192.0 88.0 the
6316.0 18180.0 532.0 104.0 primitive
6912.0 18180.0 428.0 84.0 Central
7400.0 18180.0 440.0 88.0 African

7936.0 15964.0 644.0 108.0 machinery,
8660.0 15968.0 496.0 100.0 together
9232.0 15968.0 256.0 88.0 with
9572.0 15968.0 628.0 84.0 administra-

7936.0 16104.0 228.0 88.0 tion
8236.0 16104.0 208.0 88.0 and
8520.0 16108.0 424.0 100.0 storage
9016.0 16108.0 564.0 100.0 buildings,
9652.0 16128.0 280.0 64.0 were
10004.0 16128.0 192.0 64.0 con-

7944.0 16244.0 476.0 84.0 structed
8492.0 16244.0 568.0 104.0 according
9128.0 16252.0 112.0 80.0 to
9316.0 16264.0 516.0 84.0 generous
9912.0 16244.0 288.0 100.0 speci-

7944.0 16380.0 520.0 88.0 fications.
8068.0 16516.0 224.0 88.0 The
8352.0 16540.0 236.0 64.0 new
8652.0 16524.0 236.0 100.0 port
8944.0 16544.0 216.0 60.0 was
9224.0 16540.0 64.0 64.0 a
9352.0 16520.0 584.0 88.0 successful
9996.0 16540.0 200.0 64.0 ven-

7944.0 16660.0 240.0 84.0 ture
8256.0 16656.0 276.0 88.0 from
8604.0 16660.0 180.0 84.0 the
8856.0 16660.0 300.0 100.0 start,
9224.0 16656.0 316.0 104.0 doing
9612.0 16684.0 60.0 60.0 a
9744.0 16656.0 480.0 88.0 business

7948.0 16796.0 108.0 84.0 of
8148.0 16816.0 288.0 64.0 more
8528.0 16800.0 256.0 80.0 than
8884.0 16796.0 548.0 100.0 $2,000,000
9528.0 16796.0 104.0 84.0 in
9728.0 16796.0 180.0 84.0 the
10000.0 16796.0 228.0 84.0 first

7948.0 16952.0 260.0 80.0 year
8308.0 16932.0 112.0 88.0 of
8516.0 16936.0 140.0 84.0 its
8760.0 16936.0 568.0 88.0 existence.
9492.0 16936.0 156.0 100.0 By
9744.0 16936.0 180.0 84.0 the
10024.0 16936.0 184.0 84.0 out-

7952.0 17068.0 328.0 88.0 break
8364.0 17072.0 108.0 84.0 of
8552.0 17072.0 180.0 84.0 the
8820.0 17096.0 216.0 60.0 war
9120.0 17076.0 84.0 84.0 it
9288.0 17096.0 216.0 64.0 was
9584.0 17072.0 508.0 100.0 handling
10172.0 17092.0 60.0 68.0 a

7952.0 17208.0 808.0 104.0 rapid-growing
8820.0 17208.0 500.0 88.0 business
9376.0 17212.0 108.0 84.0 of
9548.0 17212.0 320.0 84.0 about
9928.0 17208.0 304.0 88.0 twice

7952.0 17344.0 184.0 84.0 the
8196.0 17348.0 436.0 80.0 amount
8692.0 17348.0 104.0 80.0 in
8856.0 17348.0 308.0 84.0 value
9224.0 17352.0 112.0 80.0 of
9400.0 17348.0 140.0 84.0 its
9604.0 17348.0 232.0 84.0 first
9896.0 17348.0 336.0 100.0 year's

7952.0 17484.0 320.0 88.0 work.
8392.0 17484.0 248.0 84.0 Raw
8696.0 17488.0 384.0 96.0 cotton,
9140.0 17488.0 324.0 100.0 ivory,
9520.0 17508.0 440.0 76.0 sesame,
10016.0 17484.0 216.0 88.0 duri

7952.0 17640.0 148.0 80.0 ra,
8156.0 17620.0 328.0 100.0 skins,
8536.0 17644.0 240.0 80.0 gum
8828.0 17620.0 200.0 88.0 and
9084.0 17644.0 360.0 76.0 senna,
9496.0 17624.0 176.0 84.0 the
9732.0 17624.0 500.0 84.0 Soudan's

7960.0 17756.0 420.0 104.0 leading
8448.0 17760.0 524.0 100.0 products,
9044.0 17760.0 648.0 88.0 constituted
9764.0 17764.0 176.0 84.0 the
10008.0 17784.0 224.0 60.0 new

7960.0 17896.0 328.0 100.0 port's
8376.0 17904.0 452.0 92.0 exports,
8916.0 17896.0 204.0 84.0 and
9208.0 17900.0 136.0 84.0 its
9436.0 17900.0 440.0 100.0 imports
9964.0 17920.0 272.0 64.0 were

7960.0 18036.0 388.0 100.0 mostly
8436.0 18036.0 628.0 104.0 provisions,
9156.0 18040.0 788.0 84.0 manufactures
10036.0 18036.0 200.0 100.0 and

7956.0 18172.0 416.0 92.0 timber.

7952.0 18520.0 560.0 100.0 separated
8580.0 18524.0 268.0 80.0 from
8912.0 18524.0 112.0 100.0 $3
9088.0 18524.0 168.0 84.0 for
9312.0 18524.0 176.0 84.0 the
9552.0 18524.0 508.0 100.0 privilege
10124.0 18516.0 108.0 92.0 of

7952.0 18660.0 368.0 100.0 seeing
8384.0 18680.0 68.0 64.0 a
8524.0 18660.0 160.0 84.0 fat
8752.0 18656.0 212.0 84.0 bull
9036.0 18660.0 236.0 84.0 bled
9348.0 18664.0 108.0 80.0 to
9532.0 18660.0 344.0 100.0 death,
9956.0 18680.0 276.0 64.0 were

7952.0 18816.0 192.0 60.0 son
8308.0 18796.0 112.0 84.0 of
8472.0 18796.0 184.0 84.0 the
8716.0 18796.0 508.0 84.0 manifold
9288.0 18800.0 532.0 84.0 activities
9884.0 18800.0 112.0 80.0 of
10052.0 18796.0 184.0 88.0 the

7956.0 18932.0 328.0 100.0 place.
8456.0 18928.0 216.0 88.0 The
8752.0 18932.0 244.0 96.0 only
9072.0 18952.0 376.0 80.0 person
9528.0 18932.0 520.0 100.0 supposed
10124.0 18936.0 108.0 84.0 to

7956.0 19068.0 272.0 84.0 have
8320.0 19088.0 64.0 64.0 a
8476.0 19064.0 584.0 100.0 legitimate
9152.0 19068.0 296.0 100.0 place
9544.0 19072.0 112.0 80.0 of
9748.0 19068.0 488.0 88.0 business

7956.0 19204.0 104.0 84.0 in
8164.0 19200.0 176.0 88.0 the
8436.0 19208.0 276.0 80.0 town
8816.0 19224.0 216.0 64.0 was
9132.0 19228.0 64.0 60.0 a
9292.0 19208.0 608.0 100.0 Chinaman,
10000.0 19208.0 236.0 84.0 who

7960.0 19336.0 580.0 88.0 conducted
8620.0 19360.0 64.0 64.0 a
8760.0 19336.0 472.0 108.0 laundry,
9308.0 19344.0 204.0 80.0 and
9588.0 19344.0 136.0 80.0 he
9800.0 19364.0 216.0 60.0 was
10096.0 19364.0 112.0 64.0 re-

7960.0 19476.0 356.0 84.0 stored
8416.0 19480.0 112.0 80.0 to
8624.0 19476.0 184.0 84.0 the
8856.0 19484.0 456.0 88.0 .esteem
9412.0 19480.0 112.0 80.0 of
9616.0 19480.0 168.0 80.0 his
9888.0 19476.0 352.0 84.0 fellow

7960.0 19612.0 440.0 80.0 citizens
8476.0 19612.0 304.0 80.0 when
8860.0 19612.0 84.0 84.0 it
9016.0 19636.0 220.0 60.0 was
9316.0 19612.0 608.0 84.0 discovered
10008.0 19612.0 232.0 88.0 that

7960.0 19744.0 180.0 88.0 the
8224.0 19744.0 444.0 100.0 laundry
8752.0 19748.0 400.0 100.0 merely
9236.0 19772.0 212.0 64.0 was
9536.0 19768.0 64.0 64.0 a
9680.0 19744.0 308.0 88.0 mask
10076.0 19748.0 164.0 88.0 for

7960.0 19904.0 132.0 60.0 an
8164.0 19884.0 352.0 96.0 opium
8580.0 19884.0 296.0 100.0 joint.

8460.0 20176.0 580.0 88.0 Difference
9112.0 20180.0 108.0 84.0 of
9288.0 20180.0 472.0 104.0 Opinion.

8092.0 20324.0 236.0 104.0 "Pa,
8380.0 20328.0 416.0 84.0 mother
8848.0 20348.0 244.0 76.0 says
9144.0 20348.0 200.0 80.0 you
9400.0 20352.0 180.0 64.0 are
9636.0 20332.0 228.0 84.0 'one
9912.0 20332.0 116.0 84.0 of
10072.0 20328.0 172.0 88.0 the

7968.0 20460.0 316.0 100.0 boys.'
8328.0 20460.0 52.0 36.0 "

8096.0 20600.0 200.0 84.0 "Er
8428.0 20620.0 216.0 76.0 yes,
8716.0 20624.0 220.0 60.0 son.
9072.0 20604.0 216.0 84.0 She
9352.0 20624.0 364.0 64.0 means
9784.0 20604.0 180.0 88.0 I'm
10040.0 20604.0 208.0 88.0 still

7968.0 20736.0 572.0 96.0 youthful."

8096.0 20872.0 420.0 88.0 "That's
8584.0 20876.0 352.0 100.0 funny,
9000.0 20876.0 224.0 104.0 pa."

8096.0 21008.0 456.0 100.0 "Why?"

8100.0 21148.0 588.0 84.0 "Grandma
8752.0 21172.0 252.0 76.0 snys
9060.0 21148.0 172.0 88.0 it's
9296.0 21152.0 452.0 84.0 because
9812.0 21172.0 204.0 80.0 you
10080.0 21172.0 168.0 68.0 are

7976.0 21284.0 192.0 84.0 full
8224.0 21288.0 112.0 84.0 of
8392.0 21284.0 176.0 88.0 the
8632.0 21288.0 192.0 88.0 'old
8880.0 21284.0 396.0 88.0 Adam.'
9316.0 21288.0 56.0 32.0 "

8444.0 21572.0 320.0 88.0 Tame
8820.0 21572.0 268.0 88.0 Wild
9152.0 21580.0 644.0 84.0 Silkworms.

8096.0 21720.0 96.0 88.0 A
8252.0 21728.0 300.0 96.0 great
8612.0 21728.0 376.0 100.0 supply
9052.0 21732.0 108.0 80.0 of
9228.0 21728.0 328.0 104.0 cheap
9624.0 21752.0 212.0 60.0 raw
9904.0 21732.0 204.0 84.0 silk
10176.0 21728.0 76.0 84.0 If

7976.0 21860.0 540.0 100.0 predicted
8612.0 21888.0 132.0 60.0 on
8836.0 21864.0 176.0 84.0 the
9100.0 21872.0 848.0 80.0 announcement
10036.0 21868.0 220.0 84.0 that

7976.0 21996.0 188.0 84.0 the
8228.0 22000.0 240.0 84.0 wild
8540.0 22004.0 532.0 84.0 silkworm
9140.0 22004.0 112.0 84.0 of
9312.0 22004.0 364.0 88.0 Africa
9740.0 22004.0 192.0 88.0 has
10004.0 22004.0 252.0 88.0 been

7980.0 22140.0 700.0 104.0 successfully
8744.0 22140.0 380.0 92.0 tamed.

10260.0 1076.0 436.0 132.0 WHEN
10776.0 1072.0 636.0 132.0 LOOKING
11488.0 1068.0 272.0 132.0 FOR
11840.0 1068.0 272.0 128.0 GAS
12184.0 1060.0 372.0 136.0 LEAK

10260.0 1400.0 316.0 84.0 Some
10684.0 1396.0 360.0 96.0 Safety
11168.0 1388.0 304.0 84.0 Rules
11584.0 1384.0 364.0 80.0 Which
12064.0 1384.0 232.0 100.0 May
12408.0 1384.0 140.0 80.0 Do

10376.0 1540.0 320.0 92.0 Away
10764.0 1532.0 272.0 76.0 With
11116.0 1524.0 544.0 100.0 Necessity
11728.0 1520.0 104.0 80.0 of
11904.0 1520.0 532.0 100.0 Engaging

10676.0 1664.0 484.0 88.0 Services
11248.0 1660.0 112.0 80.0 of
11452.0 1656.0 692.0 88.0 Undertaker.

10388.0 1936.0 284.0 80.0 Here
10756.0 1932.0 88.0 84.0 is
10932.0 1952.0 60.0 64.0 a
11080.0 1936.0 164.0 76.0 set
11328.0 1928.0 108.0 84.0 of
11520.0 1920.0 504.0 88.0 standard
12116.0 1924.0 408.0 80.0 instruc-

10268.0 2076.0 284.0 80.0 tions
10636.0 2072.0 164.0 80.0 for
10884.0 2084.0 440.0 84.0 porsons
11412.0 2060.0 236.0 84.0 who
11732.0 2060.0 352.0 84.0 notice
12172.0 2076.0 192.0 80.0 gas
12456.0 2060.0 100.0 80.0 in

10272.0 2208.0 276.0 88.0 their
10612.0 2224.0 396.0 64.0 rooms:

10392.0 2360.0 88.0 80.0 If
10560.0 2356.0 180.0 84.0 the
10820.0 2352.0 308.0 84.0 smell
11204.0 2352.0 112.0 84.0 of
11396.0 2368.0 188.0 80.0 gas
11672.0 2348.0 88.0 80.0 is
11844.0 2352.0 400.0 92.0 strong,
12324.0 2344.0 236.0 84.0 first

10272.0 2496.0 516.0 84.0 ventilate
10860.0 2488.0 184.0 88.0 the
11108.0 2508.0 324.0 64.0 room.

10392.0 2644.0 292.0 84.0 Then
10772.0 2640.0 484.0 84.0 examine
11332.0 2636.0 184.0 84.0 the
11596.0 2632.0 256.0 96.0 keys
11936.0 2636.0 112.0 80.0 to
12128.0 2628.0 184.0 84.0 the
12392.0 2628.0 136.0 80.0 fix-

10276.0 2788.0 324.0 88.0 tures,
10672.0 2784.0 304.0 80.0 stove
11040.0 2796.0 120.0 60.0 or
11224.0 2772.0 308.0 84.0 other
11596.0 2768.0 648.0 100.0 appliances.
12348.0 2764.0 228.0 84.0 One

10272.0 2920.0 108.0 80.0 of
10440.0 2916.0 292.0 84.0 them
10796.0 2932.0 236.0 80.0 may
11104.0 2912.0 124.0 80.0 be
11296.0 2908.0 344.0 100.0 partly
11708.0 2924.0 300.0 80.0 open.

10404.0 3068.0 40.0 84.0 I
10564.0 3088.0 64.0 64.0 a
10692.0 3064.0 376.0 84.0 fixture
11136.0 3080.0 120.0 64.0 or
11316.0 3056.0 628.0 88.0 connection
12016.0 3052.0 88.0 84.0 is
12176.0 3048.0 396.0 84.0 broken

10288.0 3204.0 132.0 88.0 be
10528.0 3220.0 244.0 64.0 sure
10880.0 3216.0 264.0 84.0 your
11252.0 3192.0 500.0 84.0 windows
11864.0 3208.0 188.0 64.0 are
12160.0 3184.0 396.0 96.0 raised;

10280.0 3336.0 248.0 88.0 then
10596.0 3356.0 132.0 76.0 go
10792.0 3336.0 112.0 84.0 to
10968.0 3332.0 184.0 88.0 the
11212.0 3336.0 436.0 80.0 nearest
11716.0 3328.0 340.0 100.0 phone
12128.0 3320.0 204.0 88.0 and
12400.0 3340.0 136.0 64.0 no-

10280.0 3472.0 204.0 100.0 tify
10552.0 3472.0 188.0 84.0 the
10812.0 3488.0 184.0 84.0 gas
11072.0 3484.0 548.0 84.0 company.

10400.0 3620.0 308.0 84.0 After
10800.0 3616.0 660.0 88.0 notification
11556.0 3620.0 172.0 92.0 try
11824.0 3616.0 112.0 84.0 to
12032.0 3616.0 304.0 96.0 putty
12428.0 3628.0 140.0 80.0 up

10284.0 3756.0 184.0 96.0 the
10516.0 3752.0 240.0 88.0 leak
10804.0 3772.0 120.0 64.0 or
10972.0 3752.0 288.0 84.0 close
11308.0 3752.0 84.0 84.0 it
11440.0 3752.0 260.0 84.0 with
11744.0 3768.0 208.0 80.0 any
12004.0 3748.0 576.0 84.0 substance

10284.0 3888.0 236.0 92.0 that
10580.0 3888.0 216.0 88.0 will
10848.0 3888.0 312.0 84.0 make
11220.0 3908.0 140.0 64.0 an
11416.0 3884.0 492.0 88.0 effective
11972.0 3884.0 272.0 100.0 plug.

10404.0 4032.0 352.0 88.0 Never
10812.0 4032.0 244.0 88.0 look
11120.0 4032.0 168.0 88.0 for
11348.0 4052.0 64.0 64.0 a
11468.0 4028.0 248.0 88.0 leak
11776.0 4028.0 256.0 88.0 with
12092.0 4052.0 64.0 60.0 a
12212.0 4024.0 360.0 88.0 match

10280.0 4192.0 120.0 68.0 or
10472.0 4192.0 208.0 80.0 any
10756.0 4176.0 340.0 100.0 flame,
11172.0 4168.0 420.0 88.0 lantern
11672.0 4188.0 120.0 64.0 or
11864.0 4168.0 312.0 100.0 lamp.

10408.0 4316.0 96.0 92.0 If
10580.0 4336.0 208.0 84.0 you
10872.0 4312.0 212.0 92.0 find
11172.0 4336.0 68.0 64.0 a
11324.0 4336.0 384.0 80.0 person
11796.0 4328.0 560.0 68.0 overcome
12436.0 4304.0 140.0 100.0 by

10288.0 4456.0 188.0 88.0 the
10548.0 4476.0 220.0 84.0 gas,
10836.0 4452.0 344.0 88.0 throw
11252.0 4468.0 136.0 84.0 up
11460.0 4452.0 184.0 80.0 the
11716.0 4444.0 532.0 96.0 windows,
12324.0 4444.0 260.0 96.0 drag

10288.0 4592.0 184.0 88.0 the
10544.0 4588.0 704.0 84.0 unconscious
11332.0 4604.0 208.0 64.0 one
11612.0 4588.0 112.0 80.0 to
11804.0 4584.0 184.0 84.0 the
12064.0 4600.0 272.0 80.0 open
12420.0 4580.0 160.0 84.0 air

10288.0 4724.0 208.0 88.0 and
10568.0 4724.0 256.0 84.0 then
10896.0 4720.0 572.0 100.0 telephone
11540.0 4740.0 64.0 64.0 a
11676.0 4716.0 580.0 104.0 physician.

10412.0 4872.0 312.0 88.0 After
10860.0 4868.0 688.0 104.0 telephoning
11680.0 4864.0 188.0 88.0 the
12000.0 4864.0 584.0 100.0 physician,

10292.0 5008.0 564.0 104.0 telephone
10948.0 5004.0 184.0 88.0 the
11220.0 5028.0 188.0 76.0 gas
11500.0 5020.0 516.0 80.0 company
12104.0 4996.0 204.0 88.0 and
12396.0 4996.0 188.0 88.0 tell

10292.0 5148.0 116.0 84.0 of
10468.0 5148.0 184.0 84.0 the
10712.0 5140.0 516.0 88.0 accident.
11364.0 5140.0 284.0 88.0 Most
11708.0 5136.0 608.0 100.0 companies
12356.0 5152.0 232.0 64.0 now

10296.0 5300.0 232.0 68.0 own
10588.0 5280.0 612.0 100.0 pulmotors.
11324.0 5280.0 96.0 84.0 It
11472.0 5272.0 92.0 88.0 is
11620.0 5296.0 136.0 60.0 an
11812.0 5268.0 556.0 100.0 appliance
12424.0 5268.0 164.0 80.0 for

10296.0 5416.0 508.0 104.0 pumping
10876.0 5432.0 188.0 80.0 gas
11140.0 5416.0 188.0 80.0 out
11400.0 5408.0 116.0 88.0 of
11588.0 5428.0 64.0 64.0 a
11724.0 5404.0 476.0 104.0 person's
12280.0 5400.0 312.0 100.0 lungs

10300.0 5552.0 204.0 84.0 and
10600.0 5552.0 520.0 100.0 injecting
11208.0 5568.0 264.0 80.0 pure
11564.0 5544.0 160.0 84.0 air
11820.0 5544.0 104.0 84.0 in
12024.0 5540.0 140.0 88.0 its
12260.0 5536.0 336.0 88.0 stead.

10300.0 5688.0 256.0 84.0 This
10680.0 5688.0 96.0 84.0 is
10892.0 5708.0 140.0 64.0 an
11160.0 5680.0 604.0 88.0 Invaluable
11884.0 5672.0 176.0 92.0 aid
12180.0 5676.0 112.0 88.0 to
12416.0 5672.0 180.0 88.0 the

10296.0 5824.0 392.0 88.0 doctor.

10788.0 6064.0 228.0 84.0 The
11080.0 6060.0 436.0 100.0 Missing
11588.0 6056.0 544.0 88.0 Remnant.

10444.0 6196.0 92.0 92.0 A
10596.0 6196.0 400.0 88.0 certain
11060.0 6192.0 648.0 88.0 Lancashire
11768.0 6192.0 284.0 80.0 town
12112.0 6180.0 368.0 88.0 boasts
12544.0 6200.0 60.0 68.0 a

10324.0 6336.0 196.0 88.0 full
10576.0 6332.0 304.0 88.0 brass
10944.0 6328.0 308.0 100.0 band,
11312.0 6324.0 540.0 100.0 including
11912.0 6344.0 64.0 64.0 a
12032.0 6320.0 180.0 100.0 big
12272.0 6320.0 332.0 84.0 drum.

10324.0 6476.0 224.0 88.0 The
10632.0 6472.0 556.0 100.0 drummer,
11272.0 6460.0 568.0 100.0 according
11916.0 6464.0 116.0 80.0 to
12104.0 6460.0 192.0 84.0 the
12376.0 6456.0 204.0 84.0 Tat-

10324.0 6608.0 188.0 108.0 ler.
10572.0 6612.0 92.0 84.0 Is
10728.0 6608.0 320.0 84.0 about
11112.0 6604.0 204.0 88.0 five
11376.0 6604.0 220.0 80.0 feet
11656.0 6596.0 252.0 100.0 high
11976.0 6592.0 204.0 88.0 and
12248.0 6592.0 360.0 88.0 rather

10328.0 6748.0 272.0 108.0 deaf,
10680.0 6744.0 188.0 88.0 but
10940.0 6744.0 136.0 84.0 he
11152.0 6736.0 364.0 92.0 thinks
11596.0 6736.0 316.0 96.0 nobly
11992.0 6732.0 112.0 88.0 of
12180.0 6728.0 172.0 88.0 his
12432.0 6728.0 148.0 84.0 im-

10328.0 6892.0 500.0 96.0 portance
10880.0 6888.0 108.0 80.0 to
11040.0 6876.0 188.0 92.0 the
11280.0 6872.0 304.0 92.0 band.
11704.0 6872.0 336.0 84.0 When
12092.0 6868.0 188.0 88.0 the
12332.0 6864.0 276.0 88.0 band

10332.0 7020.0 476.0 108.0 parades,
10920.0 7020.0 84.0 84.0 it
11104.0 7016.0 404.0 96.0 always
11608.0 7008.0 308.0 88.0 takes
12024.0 7004.0 188.0 88.0 the
12320.0 7024.0 296.0 64.0 same

10332.0 7180.0 372.0 68.0 course
10764.0 7152.0 456.0 104.0 through
11292.0 7152.0 184.0 88.0 the
11544.0 7148.0 284.0 84.0 main
11900.0 7148.0 440.0 100.0 streets;
12424.0 7136.0 192.0 88.0 but

10328.0 7296.0 188.0 92.0 the
10608.0 7292.0 308.0 92.0 other
11004.0 7292.0 204.0 104.0 day
11296.0 7288.0 188.0 88.0 the
11576.0 7284.0 388.0 100.0 leader,
12060.0 7280.0 168.0 84.0 for
12320.0 7296.0 296.0 68.0 some

10332.0 7452.0 448.0 88.0 purpose
10836.0 7428.0 380.0 88.0 known
11272.0 7424.0 248.0 100.0 only
11572.0 7428.0 108.0 80.0 to
11736.0 7416.0 456.0 104.0 himself,
12232.0 7412.0 380.0 92.0 turned

10332.0 7572.0 300.0 88.0 down
10696.0 7588.0 68.0 68.0 a
10824.0 7564.0 508.0 104.0 bystreet.
11460.0 7560.0 224.0 84.0 The
11744.0 7556.0 280.0 88.0 little
12084.0 7552.0 536.0 84.0 drummer

10328.0 7708.0 180.0 88.0 did
10596.0 7708.0 188.0 84.0 not
10868.0 7724.0 188.0 64.0 see
11140.0 7700.0 288.0 84.0 what
11508.0 7716.0 220.0 64.0 was
11820.0 7692.0 600.0 100.0 happening
12508.0 7688.0 108.0 84.0 in

10332.0 7848.0 288.0 84.0 front
10668.0 7844.0 112.0 84.0 of
10824.0 7840.0 252.0 104.0 him,
11128.0 7836.0 164.0 88.0 for
11340.0 7840.0 108.0 80.0 to
11504.0 7836.0 680.0 96.0 compensate
12236.0 7828.0 164.0 84.0 for
12448.0 7824.0 168.0 84.0 his

10332.0 7980.0 240.0 92.0 lack
10628.0 7984.0 112.0 84.0 ot
10792.0 7976.0 368.0 104.0 heigh,
11216.0 7972.0 140.0 88.0 he
11412.0 7968.0 308.0 92.0 holds
11776.0 7968.0 164.0 84.0 his
12000.0 7964.0 308.0 88.0 drum
12364.0 7960.0 256.0 104.0 high

10332.0 8120.0 368.0 88.0 before
10784.0 8116.0 248.0 84.0 him.
11200.0 8112.0 136.0 84.0 So
11432.0 8108.0 256.0 84.0 with
11780.0 8104.0 168.0 84.0 his
12040.0 8120.0 260.0 84.0 gaze
12392.0 8120.0 196.0 64.0 con-

10344.0 8248.0 548.0 100.0 centrated
11000.0 8272.0 140.0 64.0 on
11240.0 8248.0 172.0 84.0 his
11520.0 8244.0 340.0 84.0 music
11964.0 8236.0 136.0 92.0 he
12208.0 8232.0 412.0 104.0 banged

10332.0 8412.0 328.0 88.0 away,
10720.0 8388.0 208.0 88.0 and
10988.0 8380.0 500.0 92.0 marched
11552.0 8376.0 456.0 104.0 straight
12068.0 8372.0 368.0 100.0 ahead,
12500.0 8392.0 124.0 64.0 as

10336.0 8528.0 332.0 88.0 usual.
10828.0 8524.0 356.0 88.0 About
11248.0 8524.0 208.0 88.0 five
11520.0 8516.0 460.0 88.0 minutes
12052.0 8508.0 572.0 92.0 afterward

10336.0 8668.0 136.0 88.0 he
10544.0 8660.0 452.0 92.0 finished
11072.0 8660.0 168.0 84.0 his
11316.0 8660.0 268.0 104.0 part,
11656.0 8652.0 236.0 104.0 and,
11964.0 8648.0 448.0 100.0 hearing
12488.0 8664.0 140.0 68.0 no

10336.0 8804.0 308.0 88.0 other
10728.0 8800.0 732.0 92.0 instruments,
11548.0 8792.0 136.0 84.0 he
11772.0 8784.0 476.0 108.0 stopped.
12372.0 8784.0 256.0 84.0 Part

10336.0 8964.0 64.0 68.0 o
10532.0 8940.0 188.0 88.0 the
10804.0 8932.0 348.0 92.0 crowd
11240.0 8928.0 208.0 92.0 had
11536.0 8920.0 752.0 104.0 accompanied
12376.0 8916.0 252.0 104.0 him,

10340.0 9080.0 208.0 88.0 and
10624.0 9076.0 252.0 100.0 they
10956.0 9092.0 260.0 84.0 gave
11296.0 9068.0 216.0 88.0 him
11588.0 9088.0 64.0 64.0 a
11728.0 9060.0 344.0 92.0 cheer.
12212.0 9056.0 204.0 88.0 But
12496.0 9056.0 136.0 88.0 he

10340.0 9236.0 220.0 68.0 was
10628.0 9212.0 116.0 88.0 111
10808.0 9216.0 112.0 80.0 at
10984.0 9228.0 280.0 68.0 ease.
11392.0 9208.0 164.0 84.0 He
11624.0 9196.0 396.0 92.0 shoved
12088.0 9192.0 172.0 92.0 his
12328.0 9196.0 300.0 84.0 drum

10340.0 9360.0 112.0 84.0 to
10516.0 9372.0 200.0 64.0 one
10772.0 9348.0 228.0 84.0 side
11056.0 9340.0 208.0 92.0 and
11332.0 9340.0 320.0 104.0 gazed
11716.0 9332.0 384.0 108.0 ahead;
12176.0 9332.0 256.0 88.0 then
12496.0 9352.0 132.0 64.0 on

10344.0 9488.0 184.0 92.0 the
10568.0 9484.0 332.0 108.0 other,
10948.0 9480.0 204.0 92.0 and
11200.0 9480.0 172.0 84.0 did
11424.0 9476.0 504.0 88.0 likewise.
11980.0 9472.0 204.0 88.0 But
12228.0 9468.0 136.0 88.0 he
12412.0 9488.0 220.0 64.0 saw

10344.0 9648.0 140.0 68.0 no
10572.0 9620.0 308.0 92.0 band.
11000.0 9620.0 328.0 104.0 Then,
11420.0 9616.0 108.0 84.0 In
11624.0 9628.0 400.0 84.0 uneasy
12116.0 9604.0 484.0 88.0 astonish-

10348.0 9768.0 320.0 104.0 ment,
10756.0 9760.0 140.0 84.0 he
10984.0 9752.0 384.0 96.0 turned
11464.0 9756.0 108.0 84.0 to
11668.0 9748.0 180.0 88.0 the
11948.0 9744.0 428.0 100.0 smiling
12468.0 9740.0 136.0 100.0 by-

10348.0 9900.0 492.0 88.0 standers
10912.0 9892.0 204.0 88.0 and
11188.0 9888.0 524.0 104.0 Inquired:
11840.0 9876.0 452.0 104.0 "Heigh!
12408.0 9880.0 228.0 84.0 Has

10348.0 10056.0 204.0 84.0 ony
10604.0 10036.0 92.0 84.0 o'
10748.0 10052.0 208.0 84.0 you
11008.0 10052.0 252.0 68.0 seen
11316.0 10028.0 180.0 88.0 the
11552.0 10020.0 492.0 88.0 remnant
12092.0 10020.0 88.0 84.0 o'
12240.0 10036.0 64.0 68.0 a
12356.0 10012.0 280.0 92.0 band

10348.0 10168.0 620.0 108.0 anywheres
11040.0 10164.0 324.0 92.0 about
11428.0 10156.0 336.0 92.0 "ere?"

12668.0 1052.0 396.0 208.0 Our
13156.0 1044.0 540.0 212.0 Wish
13800.0 1100.0 172.0 148.0 to
14072.0 1040.0 296.0 208.0 the
14464.0 1028.0 520.0 212.0 Bride

12792.0 1504.0 152.0 88.0 "A
13012.0 1496.0 192.0 116.0 long
13268.0 1500.0 140.0 88.0 lite
13480.0 1492.0 160.0 92.0 and
13708.0 1532.0 48.0 48.0 ft
13824.0 1492.0 284.0 112.0 happy
14180.0 1484.0 252.0 92.0 one."

12784.0 1652.0 200.0 92.0 One
13056.0 1652.0 84.0 88.0 of
13216.0 1688.0 144.0 52.0 our
13444.0 1644.0 392.0 112.0 wedding
13912.0 1648.0 204.0 104.0 tingi
14192.0 1636.0 168.0 88.0 will
14432.0 1636.0 144.0 88.0 last
14648.0 1668.0 80.0 52.0 as
14796.0 1628.0 188.0 112.0 lonfl

12668.0 1812.0 84.0 48.0 as
12796.0 1812.0 164.0 72.0 you
13004.0 1772.0 184.0 96.0 live;
13244.0 1768.0 164.0 88.0 and
13456.0 1804.0 44.0 52.0 a
13548.0 1760.0 404.0 96.0 diamond
14000.0 1760.0 356.0 88.0 solitaire
14404.0 1752.0 208.0 92.0 adds
14656.0 1780.0 84.0 64.0 to
14784.0 1780.0 200.0 84.0 youi

12672.0 1924.0 368.0 116.0 pleasure
13088.0 1920.0 84.0 92.0 o(
13220.0 1920.0 272.0 108.0 living.

12788.0 2072.0 184.0 88.0 Our
13020.0 2068.0 388.0 112.0 wedding
13452.0 2064.0 232.0 88.0 silver
13740.0 2060.0 276.0 92.0 makes
14068.0 2060.0 252.0 88.0 home
14372.0 2056.0 376.0 108.0 "inviting.

12788.0 2220.0 184.0 92.0 Our
13020.0 2220.0 312.0 88.0 modest
13384.0 2220.0 252.0 112.0 prices
13688.0 2212.0 236.0 88.0 make
13972.0 2212.0 312.0 108.0 buying
14328.0 2240.0 220.0 76.0 easy.

12888.0 2492.0 868.0 256.0 BOYD
13940.0 2468.0 840.0 264.0 PARK

13196.0 2848.0 532.0 96.0 MAXERS
13784.0 2844.0 156.0 100.0 OF
13960.0 2836.0 556.0 132.0 JEWELRY

12900.0 2984.0 148.0 72.0 ICO
13088.0 2984.0 228.0 68.0 MAJN
13360.0 2980.0 300.0 68.0 SIRf.T
13764.0 2972.0 44.0 12.0 "
14048.0 2980.0 184.0 68.0 SAU
14284.0 2980.0 156.0 68.0 LAK
14536.0 2944.0 244.0 104.0 CITt(
15004.0 2948.0 12.0 40.0 '

12888.0 3484.0 676.0 112.0 developed
13692.0 3548.0 32.0 24.0 .
13844.0 3548.0 36.0 24.0 .
13920.0 3388.0 116.0 184.0 m.
14116.0 3364.0 44.0 204.0 1
14224.0 3360.0 124.0 204.0 0
14436.0 3408.0 472.0 156.0 cents

12772.0 3668.0 280.0 104.0 Any
13092.0 3676.0 256.0 84.0 sizo
13388.0 3664.0 272.0 92.0 film
13716.0 3660.0 312.0 116.0 pack
14080.0 3660.0 256.0 88.0 OA

12892.0 3784.0 672.0 116.0 developed
13672.0 3852.0 32.0 24.0 .
13828.0 3848.0 32.0 28.0 .
13988.0 3848.0 32.0 24.0 .
14072.0 3760.0 264.0 108.0 LJ
14440.0 3760.0 472.0 104.0 CClllS

12772.0 4000.0 300.0 140.0 Salt
13124.0 4000.0 396.0 136.0 Lake
13572.0 4000.0 448.0 132.0 Photo
14084.0 3984.0 544.0 168.0 Supply
14668.0 3980.0 248.0 136.0 Co.

12780.0 4224.0 128.0 68.0 159
12948.0 4216.0 84.0 76.0 S.
13072.0 4216.0 232.0 72.0 Main
13348.0 4212.0 284.0 72.0 Street
13936.0 4204.0 184.0 76.0 Salt
14156.0 4200.0 232.0 72.0 Lake
14428.0 4196.0 216.0 80.0 City,
14688.0 4192.0 228.0 72.0 Btah

12800.0 4596.0 424.0 204.0 Bad
13316.0 4584.0 1028.0 252.0 Smelling
14440.0 4588.0 484.0 188.0 Feet

12788.0 4864.0 412.0 68.0 Restored
13240.0 4868.0 88.0 64.0 to
13364.0 4856.0 348.0 80.0 healthy
13768.0 4848.0 472.0 76.0 condition.
14344.0 4832.0 580.0 80.0 Tanderfoot

12788.0 4952.0 184.0 72.0 kills
13016.0 4952.0 188.0 72.0 foot
13240.0 4952.0 264.0 68.0 odors
13532.0 4940.0 612.0 80.0 immediately.
14208.0 4936.0 424.0 68.0 Removes
14660.0 4944.0 264.0 56.0 cause

12788.0 5044.0 92.0 68.0 of
12920.0 5040.0 452.0 72.0 excessive
13424.0 5036.0 612.0 84.0 perspiration,
14072.0 5020.0 156.0 80.0 but
14276.0 5028.0 212.0 68.0 does
14544.0 5028.0 148.0 60.0 not
14748.0 5036.0 148.0 60.0 pre-

12792.0 5140.0 204.0 64.0 vent
13048.0 5132.0 344.0 68.0 natural
13452.0 5120.0 604.0 88.0 perspiration.
14156.0 5116.0 420.0 76.0 Perlectly
14652.0 5112.0 244.0 68.0 harm-

12792.0 5224.0 196.0 68.0 less.
13088.0 5220.0 312.0 80.0 Money
13476.0 5216.0 412.0 72.0 refunded
13960.0 5212.0 60.0 68.0 if
14100.0 5216.0 156.0 60.0 not
14332.0 5204.0 596.0 72.0 satisfactory.

12800.0 5312.0 224.0 68.0 Send
13064.0 5312.0 84.0 68.0 28
13180.0 5320.0 248.0 60.0 cents
13480.0 5316.0 88.0 60.0 to
13624.0 5304.0 100.0 68.0 J.
13772.0 5304.0 116.0 64.0 K.
13928.0 5296.0 244.0 72.0 Holt
14212.0 5296.0 208.0 76.0 Co.,
14476.0 5296.0 84.0 68.0 V.
14604.0 5292.0 92.0 72.0 O.
14744.0 5292.0 188.0 64.0 Box

12788.0 5404.0 168.0 76.0 207,
13004.0 5400.0 184.0 72.0 Salt
13224.0 5400.0 232.0 68.0 Lake
13500.0 5396.0 220.0 80.0 City.
13764.0 5392.0 264.0 72.0 Utah.

13300.0 5744.0 88.0 84.0 A
13468.0 5732.0 436.0 96.0 Scholar
13984.0 5732.0 100.0 84.0 In
14168.0 5728.0 240.0 84.0 Bed.

12836.0 5872.0 224.0 92.0 "An
13116.0 5868.0 488.0 100.0 amusing
13664.0 5868.0 448.0 100.0 glimpse
14168.0 5868.0 112.0 84.0 of
14336.0 5860.0 184.0 84.0 the
14584.0 5856.0 440.0 88.0 famou.

12716.0 6020.0 588.0 84.0 statesman
13376.0 6008.0 92.0 84.0 is
13540.0 6008.0 308.0 100.0 given
13916.0 6000.0 136.0 100.0 by
14124.0 6000.0 188.0 84.0 Mr.
14388.0 5996.0 272.0 88.0 John
14736.0 5992.0 236.0 84.0 Mur-

12716.0 6168.0 188.0 84.0 ray
12984.0 6148.0 112.0 88.0 of
13180.0 6148.0 184.0 84.0 the
13448.0 6144.0 416.0 84.0 famous
13948.0 6132.0 604.0 108.0 publishing
14640.0 6128.0 388.0 112.0 house,)

12716.0 6288.0 340.0 88.0 which
13136.0 6284.0 196.0 88.0 has
13416.0 6276.0 356.0 88.0 issued
13848.0 6292.0 316.0 84.0 many
14244.0 6272.0 116.0 88.0 of
14432.0 6272.0 196.0 84.0 Mr.
14708.0 6264.0 320.0 120.0 Glad-j

12720.0 6424.0 396.0 88.0 stone's
13192.0 6420.0 480.0 96.0 writings
13752.0 6412.0 204.0 88.0 and
14036.0 6408.0 540.0 104.0 speeches.
14720.0 6400.0 308.0 88.0 "ThaJ

12720.0 6564.0 208.0 88.0 last
13024.0 6564.0 264.0 84.0 time
13380.0 6560.0 44.0 88.0 I
13520.0 6572.0 216.0 68.0 was
13840.0 6556.0 112.0 80.0 at
14048.0 6548.0 192.0 88.0 Mr.
14340.0 6540.0 692.0 108.0 Gladstone's;

12724.0 6696.0 420.0 108.0 bouBe,"
13192.0 6716.0 248.0 80.0 says
13488.0 6696.0 188.0 88.0 Mr.
13732.0 6688.0 456.0 96.0 Murray,
14240.0 6680.0 104.0 92.0 "I
14392.0 6680.0 208.0 88.0 had
14652.0 6668.0 380.0 96.0 break-!

12724.0 6840.0 220.0 84.0 fast
13012.0 6832.0 292.0 100.0 early
13380.0 6824.0 208.0 92.0 and
13664.0 6828.0 340.0 104.0 alone,
14080.0 6844.0 120.0 64.0 as
14276.0 6820.0 44.0 92.0 I
14396.0 6840.0 220.0 64.0 was
14696.0 6816.0 336.0 148.0 goingj

12724.0 6980.0 108.0 84.0 to
12920.0 6968.0 532.0 92.0 Scotland.
13592.0 6964.0 340.0 88.0 When
14016.0 6964.0 44.0 88.0 I
14140.0 6956.0 208.0 88.0 had
14428.0 6952.0 456.0 88.0 finished
14968.0 6944.0 44.0 96.0 1

12724.0 7132.0 220.0 68.0 was
13020.0 7104.0 224.0 92.0 told
13324.0 7104.0 236.0 88.0 that
13640.0 7100.0 188.0 88.0 Mr.
13912.0 7096.0 580.0 88.0 Gladstone
14568.0 7084.0 176.0 92.0 did
14824.0 7060.0 212.0 116.0 not'

12728.0 7244.0 304.0 92.0 know
13088.0 7244.0 240.0 88.0 that
13380.0 7248.0 48.0 84.0 I
13484.0 7260.0 220.0 64.0 was
13764.0 7236.0 424.0 96.0 leaving
14244.0 7252.0 120.0 64.0 bo
14424.0 7228.0 320.0 104.0 early,
14804.0 7224.0 232.0 112.0 and;

12728.0 7384.0 232.0 92.0 that
13032.0 7380.0 144.0 88.0 he
13240.0 7372.0 420.0 92.0 wanted
13736.0 7380.0 108.0 80.0 to
13920.0 7372.0 276.0 84.0 have
14268.0 7368.0 448.0 88.0 another
14788.0 7356.0 248.0 92.0 talk1

12728.0 7520.0 252.0 88.0 with
13060.0 7540.0 200.0 68.0 me.
13408.0 7512.0 44.0 88.0 I
13532.0 7516.0 280.0 84.0 went
13884.0 7512.0 116.0 84.0 to
14072.0 7504.0 172.0 88.0 his
14320.0 7500.0 500.0 88.0 bedroom
14952.0 7520.0 68.0 60.0 a

12728.0 7676.0 256.0 84.0 very
13040.0 7656.0 300.0 96.0 largo
13400.0 7668.0 296.0 68.0 room
13756.0 7644.0 256.0 88.0 with
14072.0 7664.0 68.0 64.0 a
14200.0 7636.0 384.0 92.0 double
14644.0 7636.0 196.0 88.0 bed
14908.0 7636.0 112.0 84.0 in

12732.0 7796.0 112.0 88.0 IL
13004.0 7792.0 252.0 92.0 Mrs.
13324.0 7784.0 580.0 96.0 Gladstone
13964.0 7800.0 220.0 68.0 was
14252.0 7780.0 108.0 84.0 In
14428.0 7776.0 192.0 88.0 her
14684.0 7772.0 304.0 88.0 dress-

12732.0 7932.0 180.0 104.0 ing
12980.0 7948.0 324.0 68.0 room.
13444.0 7920.0 576.0 88.0 Gladstone
14096.0 7936.0 216.0 68.0 waa
14392.0 7908.0 440.0 92.0 dressed
14912.0 7908.0 112.0 84.0 in

12732.0 8092.0 64.0 64.0 a
12836.0 8064.0 612.0 104.0 nightgown
13492.0 8056.0 256.0 88.0 with
13796.0 8076.0 64.0 68.0 a
13900.0 8052.0 360.0 88.0 brown
14308.0 8048.0 332.0 88.0 shawl
14688.0 8040.0 336.0 92.0 round

12736.0 8204.0 240.0 88.0 him.
13088.0 8200.0 168.0 88.0 He
13296.0 8220.0 220.0 64.0 was
13564.0 8196.0 292.0 104.0 lying
13904.0 8196.0 188.0 88.0 flat
14140.0 8212.0 132.0 64.0 on
14320.0 8188.0 164.0 88.0 his
14540.0 8184.0 260.0 100.0 face,
14852.0 8180.0 172.0 88.0 his

12736.0 8340.0 272.0 88.0 head
13084.0 8340.0 116.0 88.0 at
13268.0 8336.0 192.0 88.0 the
13532.0 8332.0 232.0 88.0 foot
13836.0 8332.0 112.0 84.0 of
14024.0 8328.0 188.0 88.0 the
14288.0 8320.0 200.0 88.0 bed
14568.0 8320.0 204.0 88.0 and
14852.0 8316.0 176.0 88.0 his

12740.0 8480.0 216.0 84.0 feet
13020.0 8496.0 140.0 64.0 on
13220.0 8472.0 192.0 88.0 the
13476.0 8468.0 440.0 108.0 pillows.
14088.0 8468.0 112.0 84.0 In
14272.0 8480.0 200.0 68.0 one
14540.0 8456.0 280.0 88.0 hand
14888.0 8456.0 140.0 84.0 he

12740.0 8612.0 240.0 92.0 held
13044.0 8632.0 64.0 68.0 a
13172.0 8628.0 200.0 84.0 cup
13432.0 8608.0 116.0 88.0 of
13608.0 8604.0 368.0 104.0 coffee,
14036.0 8596.0 208.0 92.0 and
14308.0 8596.0 304.0 88.0 there
14676.0 8612.0 220.0 68.0 was
14964.0 8612.0 68.0 64.0 a

12740.0 8748.0 272.0 92.0 book
13076.0 8748.0 108.0 88.0 In
13248.0 8748.0 188.0 88.0 the
13496.0 8744.0 340.0 88.0 other.
13992.0 8736.0 48.0 92.0 I
14104.0 8732.0 276.0 92.0 shall
14440.0 8752.0 324.0 68.0 never
14832.0 8728.0 168.0 84.0 for-

12740.0 8892.0 176.0 100.0 get
12976.0 8884.0 240.0 92.0 that
13272.0 8884.0 584.0 96.0 interview,
13916.0 8872.0 208.0 88.0 and
14180.0 8872.0 188.0 88.0 the
14424.0 8868.0 608.0 96.0 comicality

12740.0 9024.0 112.0 88.0 of
12912.0 9024.0 188.0 88.0 the
13164.0 9024.0 304.0 100.0 great
13536.0 9016.0 216.0 88.0 Hon
13820.0 9008.0 276.0 92.0 head
14164.0 9004.0 464.0 112.0 popping
14700.0 9020.0 136.0 88.0 up
14908.0 9024.0 64.0 64.0 a

12744.0 9164.0 40.0 92.0 I
12840.0 9160.0 284.0 88.0 went
13176.0 9152.0 468.0 96.0 towardB
13700.0 9148.0 312.0 88.0 him."

13268.0 9436.0 624.0 108.0 Destroying
13964.0 9424.0 212.0 88.0 Bad
14256.0 9420.0 304.0 108.0 Eggs.

12896.0 9588.0 464.0 92.0 Millions
13412.0 9580.0 108.0 84.0 of
13564.0 9572.0 200.0 92.0 bad
13808.0 9588.0 256.0 80.0 eggs
14116.0 9580.0 176.0 68.0 are
14340.0 9544.0 352.0 96.0 seized
14740.0 9552.0 324.0 88.0 eTery

12780.0 9752.0 252.0 84.0 year
13088.0 9728.0 108.0 84.0 In
13252.0 9716.0 464.0 96.0 London,
13780.0 9708.0 208.0 88.0 and
14044.0 9700.0 180.0 88.0 the
14284.0 9712.0 224.0 76.0 way
14568.0 9684.0 252.0 100.0 they
14880.0 9688.0 188.0 72.0 aro

12788.0 9856.0 560.0 104.0 destroyed
13420.0 9856.0 96.0 84.0 is
13584.0 9852.0 108.0 84.0 to
13768.0 9844.0 152.0 100.0 tip
13988.0 9836.0 292.0 88.0 them
14352.0 9828.0 184.0 88.0 out
14604.0 9820.0 112.0 88.0 of
14788.0 9808.0 284.0 92.0 their

12792.0 10020.0 304.0 72.0 cases
13196.0 9996.0 208.0 88.0 and
13504.0 10004.0 196.0 68.0 run
13796.0 10000.0 64.0 68.0 a
13960.0 9980.0 340.0 84.0 ateam
14396.0 9956.0 324.0 92.0 roller
14816.0 9964.0 128.0 72.0 ot

12792.0 10144.0 320.0 88.0 them.

10496.0 10760.0 1096.0 424.0 Here
11680.0 10744.0 376.0 424.0 is
12128.0 10880.0 1064.0 376.0 your
13296.0 10720.0 1632.0 424.0 chance

10888.0 11408.0 320.0 112.0 Now
11284.0 11404.0 236.0 112.0 We
11600.0 11436.0 204.0 80.0 are
11888.0 11396.0 564.0 136.0 Offer;
12532.0 11392.0 196.0 108.0 for
12804.0 11376.0 728.0 120.0 Immediate
13616.0 11356.0 844.0 144.0 Subscription

11880.0 11656.0 1672.0 512.0 150,000

11872.0 12264.0 1704.0 288.0 SHARES

10520.0 12728.0 1304.0 432.0 GLOBE
12024.0 12680.0 2928.0 464.0 COnSQLlOATEB

11784.0 13528.0 128.0 108.0 of
12012.0 13520.0 648.0 108.0 American
12764.0 13512.0 360.0 124.0 Fork,
13228.0 13500.0 372.0 136.0 Utah,

11960.0 14036.0 348.0 204.0 At
12552.0 13980.0 472.0 408.0 ffe
13200.0 14012.0 512.0 208.0 Net

10920.0 14644.0 140.0 108.0 In
11128.0 14640.0 532.0 140.0 offering
11720.0 14636.0 240.0 112.0 this
12024.0 14628.0 356.0 112.0 block
12444.0 14628.0 124.0 108.0 of
12636.0 14644.0 560.0 116.0 treasury
13260.0 14616.0 344.0 112.0 stock
13676.0 14612.0 112.0 108.0 in
13860.0 14612.0 208.0 104.0 the
14136.0 14600.0 380.0 112.0 Globe
14588.0 14596.0 256.0 112.0 Con-

10628.0 14800.0 592.0 108.0 solidated
11312.0 14796.0 496.0 136.0 Mining
11900.0 14788.0 636.0 136.0 Company
12628.0 14816.0 180.0 72.0 we
12904.0 14776.0 304.0 108.0 wish
13300.0 14792.0 128.0 88.0 to
13516.0 14768.0 412.0 112.0 advise
14024.0 14764.0 344.0 108.0 those
14464.0 14752.0 128.0 112.0 of
14676.0 14788.0 228.0 76.0 our

10620.0 14952.0 432.0 112.0 clients
11120.0 14952.0 280.0 108.0 who
11464.0 14944.0 364.0 112.0 failed
11896.0 14960.0 128.0 92.0 to
12092.0 14956.0 204.0 124.0 get
12364.0 14936.0 116.0 108.0 in
12548.0 14972.0 156.0 76.0 on
12776.0 14936.0 200.0 104.0 the
13048.0 14920.0 736.0 116.0 Whirlwind
13852.0 14912.0 528.0 140.0 offering
14436.0 14928.0 128.0 92.0 at
14632.0 14900.0 136.0 116.0 7c
14836.0 14944.0 68.0 68.0 a

10624.0 15108.0 236.0 108.0 few
10912.0 15108.0 304.0 136.0 days
11272.0 15136.0 264.0 104.0 ago,
11596.0 15104.0 264.0 104.0 that
11912.0 15092.0 244.0 112.0 this
12212.0 15092.0 100.0 112.0 is
12368.0 15088.0 320.0 112.0 their
12740.0 15088.0 444.0 108.0 chance
13244.0 15100.0 120.0 88.0 to
13428.0 15076.0 344.0 108.0 make
13832.0 15108.0 152.0 104.0 up
14048.0 15068.0 184.0 108.0 for
14268.0 15068.0 236.0 108.0 lost
14580.0 15060.0 324.0 112.0 time.

10628.0 15288.0 332.0 140.0 Only
11024.0 15280.0 368.0 116.0 YOU
11464.0 15276.0 464.0 112.0 MUST
12000.0 15272.0 332.0 112.0 ACT
12408.0 15264.0 584.0 144.0 QUICK,
13064.0 15264.0 192.0 108.0 for
13324.0 15256.0 244.0 112.0 this
13636.0 15248.0 796.0 148.0 opportunity
14504.0 15264.0 120.0 88.0 to
14704.0 15260.0 204.0 124.0 get

10632.0 15444.0 384.0 108.0 Globe
11088.0 15440.0 292.0 108.0 Con.
11456.0 15456.0 124.0 88.0 at
11648.0 15428.0 140.0 116.0 7c
11856.0 15468.0 68.0 72.0 a
11992.0 15432.0 388.0 128.0 share,
12456.0 15440.0 244.0 120.0 net,
12776.0 15420.0 96.0 108.0 is
12944.0 15440.0 216.0 88.0 not
13228.0 15412.0 368.0 136.0 likely
13668.0 15428.0 132.0 92.0 to
13864.0 15412.0 240.0 108.0 last
14176.0 15440.0 236.0 108.0 any
14488.0 15400.0 424.0 140.0 longer

10628.0 15600.0 292.0 108.0 than
10984.0 15588.0 732.0 116.0 Whirlwind
11780.0 15584.0 204.0 112.0 did
12144.0 15580.0 236.0 112.0 and
12448.0 15580.0 264.0 108.0 that
12776.0 15612.0 252.0 72.0 was
13092.0 15568.0 292.0 144.0 only
13444.0 15604.0 68.0 72.0 a
13576.0 15564.0 228.0 108.0 few
13872.0 15564.0 408.0 108.0 hours.

10544.0 15884.0 1264.0 236.0 Subscriptions
11952.0 15884.0 472.0 176.0 Must
12568.0 15884.0 212.0 168.0 be
12928.0 15884.0 612.0 164.0 Uosed
13692.0 15884.0 216.0 204.0 by
14056.0 15884.0 408.0 180.0 may
14592.0 15884.0 412.0 144.0 ltn

10644.0 16228.0 328.0 108.0 That
11016.0 16224.0 208.0 108.0 the
11272.0 16220.0 688.0 104.0 Allotment
12012.0 16208.0 304.0 108.0 Will
12360.0 16212.0 148.0 104.0 be
12564.0 16200.0 536.0 140.0 Quickly
13152.0 16188.0 1084.0 128.0 Oversubscribed,
14284.0 16184.0 236.0 108.0 We
14576.0 16180.0 356.0 108.0 Have

12436.0 16360.0 200.0 108.0 No
12700.0 16360.0 460.0 104.0 Doubt,

10552.0 16736.0 1360.0 408.0 Globe
12112.0 16696.0 2896.0 424.0 Consolidated

10648.0 17280.0 128.0 112.0 Is
10848.0 17272.0 712.0 140.0 capitalized
11640.0 17268.0 188.0 108.0 for
11912.0 17256.0 584.0 136.0 1,000,000
12568.0 17256.0 456.0 128.0 shares,
13096.0 17236.0 488.0 140.0 400,000
13660.0 17240.0 416.0 116.0 shares
14152.0 17236.0 132.0 112.0 of
14360.0 17232.0 388.0 108.0 which
14832.0 17228.0 100.0 112.0 is

10648.0 17452.0 560.0 120.0 treasury
11276.0 17424.0 376.0 112.0 stock.
11792.0 17416.0 264.0 108.0 The
12128.0 17428.0 612.0 124.0 property,
12808.0 17396.0 684.0 136.0 consisting
13556.0 17392.0 124.0 108.0 of
13752.0 17428.0 360.0 76.0 seven
14184.0 17388.0 460.0 132.0 claims,
14712.0 17388.0 220.0 108.0 lies

10652.0 17588.0 544.0 104.0 between
11268.0 17576.0 208.0 112.0 the
11540.0 17576.0 476.0 108.0 famous
12088.0 17564.0 296.0 108.0 Live
12452.0 17560.0 536.0 128.0 Yankee,
13064.0 17548.0 764.0 136.0 Belorophan
13896.0 17548.0 232.0 108.0 and
14204.0 17540.0 728.0 140.0 Earl-Eagle

10652.0 17740.0 228.0 108.0 and
10964.0 17732.0 440.0 112.0 carries
11484.0 17732.0 200.0 104.0 the
11772.0 17724.0 288.0 108.0 Live
12136.0 17716.0 496.0 108.0 Yankee
12716.0 17712.0 460.0 108.0 fissure.
13332.0 17704.0 300.0 108.0 Rich
13708.0 17736.0 204.0 72.0 ore
13992.0 17728.0 216.0 80.0 nas
14284.0 17696.0 300.0 108.0 been
14668.0 17728.0 208.0 104.0 pro-

10652.0 17892.0 380.0 112.0 duced
11100.0 17888.0 320.0 108.0 from
11472.0 17876.0 472.0 112.0 surface
12004.0 17868.0 616.0 136.0 workings
12680.0 17864.0 232.0 108.0 and
12968.0 17864.0 204.0 104.0 the
13224.0 17892.0 612.0 100.0 company
13892.0 17888.0 580.0 100.0 proposes
14536.0 17868.0 128.0 88.0 to
14720.0 17884.0 212.0 72.0 use

10652.0 18048.0 204.0 108.0 the
10932.0 18080.0 444.0 100.0 money
11452.0 18028.0 484.0 116.0 derived
12016.0 18028.0 300.0 108.0 from
12400.0 18024.0 200.0 104.0 the
12680.0 18020.0 244.0 108.0 sale
12996.0 18012.0 128.0 108.0 of
13196.0 18032.0 556.0 108.0 treasury
13828.0 18004.0 344.0 112.0 stock
14248.0 18020.0 132.0 92.0 to
14452.0 18000.0 332.0 112.0 drive
14868.0 18040.0 64.0 72.0 a

10656.0 18196.0 420.0 116.0 tunnel
11140.0 18212.0 120.0 88.0 to
11328.0 18224.0 308.0 104.0 open
11700.0 18184.0 200.0 104.0 the
11964.0 18180.0 424.0 108.0 fissure
12448.0 18192.0 124.0 88.0 at
12632.0 18168.0 368.0 136.0 depth
13068.0 18164.0 396.0 108.0 where
13528.0 18164.0 88.0 108.0 it
13680.0 18160.0 640.0 108.0 intersects
14384.0 18156.0 204.0 112.0 the
14652.0 18156.0 276.0 108.0 lime

10656.0 18348.0 632.0 136.0 beddings,
11380.0 18340.0 232.0 108.0 and
11700.0 18336.0 400.0 108.0 where
12188.0 18328.0 92.0 112.0 it
12360.0 18328.0 104.0 108.0 is
12544.0 18320.0 548.0 112.0 believed
13176.0 18316.0 212.0 136.0 big
13468.0 18312.0 420.0 112.0 bodies
13972.0 18312.0 128.0 108.0 of
10660.0 18308.0 4272.0 340.0 silver-lcad-gold

10992.0 18540.0 204.0 72.0 ore
11252.0 18496.0 240.0 108.0 will
11544.0 18496.0 144.0 104.0 be
11740.0 18484.0 464.0 140.0 opened
12260.0 18516.0 192.0 104.0 up.
12576.0 18476.0 260.0 108.0 The
12904.0 18472.0 292.0 108.0 Live
13248.0 18468.0 500.0 108.0 Yankee
13804.0 18464.0 604.0 140.0 produced
14468.0 18464.0 460.0 112.0 several

10660.0 18660.0 568.0 124.0 millions,
11292.0 18644.0 456.0 140.0 though
11816.0 18644.0 156.0 104.0 its
12032.0 18648.0 572.0 128.0 property
12664.0 18632.0 92.0 104.0 is
12812.0 18628.0 288.0 136.0 only
13156.0 18620.0 220.0 112.0 200
13432.0 18620.0 240.0 112.0 feet
13728.0 18620.0 348.0 132.0 wide,
14128.0 18620.0 232.0 104.0 and
14428.0 18616.0 152.0 112.0 all
14640.0 18616.0 292.0 132.0 told,

10660.0 18808.0 556.0 116.0 contains
11276.0 18800.0 292.0 140.0 only
11624.0 18812.0 464.0 124.0 twenty
12144.0 18824.0 368.0 76.0 acres.
12576.0 18780.0 388.0 112.0 Globe
13020.0 18776.0 292.0 112.0 Con.
13372.0 18772.0 636.0 140.0 adjoining
14056.0 18808.0 156.0 72.0 on
14272.0 18772.0 204.0 108.0 the
14536.0 18772.0 396.0 128.0 south,

10664.0 18972.0 216.0 104.0 has
10940.0 18964.0 372.0 108.0 about
11380.0 18952.0 204.0 108.0 120
11636.0 18984.0 336.0 76.0 acres
12032.0 18948.0 232.0 104.0 and
12320.0 18940.0 224.0 112.0 has
12600.0 18972.0 364.0 104.0 every
13016.0 18936.0 448.0 104.0 chance
13520.0 18948.0 132.0 92.0 io
13712.0 18928.0 344.0 108.0 make
14116.0 18964.0 64.0 72.0 a
14236.0 18924.0 212.0 140.0 big
14508.0 18924.0 352.0 108.0 mine.

10580.0 19240.0 600.0 276.0 Take
11280.0 19336.0 396.0 168.0 our
11792.0 19220.0 756.0 272.0 advice
12648.0 19208.0 428.0 272.0 and
13164.0 19208.0 440.0 328.0 buy
13704.0 19204.0 680.0 268.0 Globe
14488.0 19200.0 520.0 268.0 Con.

10676.0 19700.0 124.0 88.0 at
10860.0 19680.0 200.0 108.0 the
11124.0 19664.0 812.0 140.0 subscription
12000.0 19656.0 320.0 140.0 price
12376.0 19652.0 132.0 112.0 of
12560.0 19644.0 132.0 116.0 7c
12756.0 19688.0 64.0 68.0 a
12880.0 19644.0 388.0 132.0 share,
13328.0 19660.0 236.0 116.0 net,
13628.0 19640.0 528.0 108.0 without
14212.0 19676.0 68.0 72.0 a
14340.0 19656.0 608.0 92.0 moments

10676.0 19832.0 388.0 136.0 delay,
11120.0 19864.0 132.0 72.0 as
11308.0 19812.0 896.0 148.0 opportunities
12256.0 19828.0 132.0 88.0 to
12440.0 19824.0 208.0 120.0 get
12700.0 19804.0 348.0 108.0 stock
13108.0 19800.0 112.0 104.0 in
13280.0 19832.0 72.0 72.0 a
13404.0 19792.0 752.0 144.0 proposition
14216.0 19792.0 124.0 108.0 of
14396.0 19796.0 296.0 108.0 such
14752.0 19828.0 144.0 72.0 ex-

10680.0 19980.0 596.0 144.0 ceptional
11348.0 19972.0 352.0 112.0 merit
11760.0 19988.0 124.0 92.0 at
11948.0 19964.0 292.0 112.0 such
12304.0 20000.0 68.0 68.0 a
12436.0 19956.0 320.0 140.0 price
12820.0 19956.0 156.0 108.0 do
13036.0 19972.0 216.0 92.0 not
13304.0 19988.0 348.0 72.0 come
13720.0 19948.0 368.0 108.0 often.

10984.0 20212.0 564.0 120.0 BOOKS
11644.0 20204.0 344.0 112.0 ARE
12084.0 20196.0 408.0 116.0 NOW
12588.0 20188.0 500.0 120.0 OPEN.
13256.0 20188.0 340.0 108.0 Wire
13688.0 20224.0 140.0 72.0 or
13916.0 20184.0 640.0 140.0 telephone
14648.0 20220.0 308.0 100.0 your

10680.0 20380.0 416.0 108.0 orders
11164.0 20368.0 392.0 108.0 where
11624.0 20356.0 564.0 140.0 possible,
12252.0 20352.0 188.0 108.0 for
12496.0 20388.0 132.0 72.0 as
12688.0 20384.0 372.0 100.0 niany
13120.0 20344.0 412.0 112.0 shares
13588.0 20376.0 140.0 76.0 as
13780.0 20376.0 244.0 108.0 you
14092.0 20356.0 368.0 112.0 want,
14520.0 20336.0 444.0 140.0 letting

10684.0 20528.0 712.0 112.0 remittance
11456.0 20516.0 124.0 112.0 of
11644.0 20512.0 132.0 112.0 7c
11844.0 20552.0 60.0 68.0 a
11976.0 20512.0 352.0 108.0 share
12388.0 20504.0 416.0 112.0 follow
12860.0 20500.0 164.0 140.0 by
13084.0 20496.0 320.0 108.0 mail.

10592.0 20880.0 1072.0 400.0 fm
11784.0 20872.0 488.0 384.0 H,
12472.0 20856.0 1168.0 392.0 Child
13840.0 20856.0 344.0 384.0 &
14392.0 20848.0 648.0 392.0 Co,

10696.0 21416.0 452.0 132.0 Phone,
11220.0 21408.0 600.0 108.0 Wasatch
11888.0 21404.0 248.0 104.0 325.
13660.0 21384.0 376.0 108.0 Stock
14108.0 21384.0 564.0 112.0 Brokers.

11000.0 21652.0 372.0 108.0 Stock
11428.0 21644.0 664.0 136.0 Exchange
12148.0 21640.0 352.0 136.0 Bldg.
13516.0 21628.0 264.0 112.0 Salt
13832.0 21624.0 336.0 112.0 Lake
14228.0 21624.0 312.0 140.0 City,
14604.0 21620.0 364.0 112.0 Utah.

11000.0 21924.0 232.0 112.0 We
11316.0 21920.0 444.0 112.0 handle
11840.0 21916.0 152.0 108.0 all
12080.0 21912.0 332.0 112.0 Utah
12500.0 21904.0 472.0 144.0 mining
13056.0 21900.0 408.0 116.0 stocks
13552.0 21900.0 228.0 108.0 and
13868.0 21896.0 400.0 112.0 would
14356.0 21896.0 232.0 112.0 like
14672.0 21932.0 304.0 104.0 your

10696.0 22084.0 600.0 108.0 business.
11436.0 22076.0 300.0 108.0 Free
11800.0 22068.0 488.0 112.0 Market
12352.0 22064.0 484.0 112.0 Letters
12892.0 22096.0 160.0 76.0 on
13116.0 22076.0 520.0 120.0 request.
