15316 22876
680.0 68.0 32.0 100.0 i

676.0 172.0 24.0 124.0 I

584.0 756.0 40.0 252.0 j
5688.0 888.0 680.0 108.0 P.F.AVFT?
6456.0 880.0 712.0 112.0 COUNTY
7248.0 864.0 536.0 120.0 NEWS.
7860.0 868.0 840.0 112.0 M7LPORD.
8776.0 860.0 488.0 116.0 UTAH

2004.0 1144.0 8.0 12.0 .
2100.0 1144.0 12.0 12.0 .
2436.0 1144.0 12.0 12.0 .
2604.0 1104.0 24.0 56.0 L
3120.0 1124.0 12.0 36.0 :
3300.0 1140.0 16.0 16.0 .
4428.0 1108.0 12.0 52.0 :
5076.0 1136.0 24.0 16.0 -

552.0 1200.0 16.0 76.0 I

592.0 1516.0 1584.0 220.0 HANDICRAFT
2236.0 1512.0 484.0 220.0 FOR
2808.0 1512.0 620.0 216.0 BOYS
3516.0 1512.0 532.0 212.0 AND
4144.0 1500.0 700.0 224.0 GIRLS
5028.0 1472.0 36.0 408.0 j

2632.0 1976.0 188.0 100.0 Br
4968.0 1916.0 96.0 176.0 J

424.0 2076.0 44.0 220.0 j
1072.0 2116.0 148.0 108.0 A.
1308.0 2116.0 568.0 108.0 NEELY
1936.0 2116.0 456.0 108.0 HALL
2468.0 2116.0 240.0 104.0 and
2812.0 2108.0 788.0 112.0 DOROTHY
3656.0 2104.0 712.0 112.0 PERKINS
4968.0 2076.0 92.0 200.0 J

392.0 2436.0 20.0 64.0 I
1852.0 2428.0 596.0 84.0 (Copyright,
2512.0 2428.0 124.0 84.0 by
2696.0 2428.0 120.0 76.0 A.
2884.0 2424.0 304.0 84.0 Neely
3260.0 2420.0 304.0 84.0 HalU

368.0 2656.0 92.0 80.0 A
524.0 2648.0 688.0 88.0 WIRELESS
1276.0 2648.0 808.0 88.0 TELEGRAPH
2168.0 2644.0 480.0 84.0 RECEIV-

312.0 2752.0 52.0 312.0 j
924.0 2788.0 216.0 84.0 ING
1248.0 2792.0 244.0 80.0 SET
1640.0 2784.0 344.0 88.0 PART
2076.0 2784.0 88.0 84.0 2.

300.0 3068.0 24.0 80.0 .'
512.0 3064.0 220.0 84.0 The
788.0 3060.0 228.0 88.0 first
1076.0 3060.0 300.0 100.0 thing
1428.0 3068.0 112.0 80.0 to
1592.0 3056.0 488.0 92.0 consider
2132.0 3060.0 304.0 84.0 when
2496.0 3060.0 196.0 80.0 set-

392.0 3204.0 220.0 96.0 ting
696.0 3220.0 132.0 80.0 up
908.0 3220.0 60.0 64.0 a
1048.0 3196.0 600.0 88.0 "wireless"
1728.0 3196.0 540.0 100.0 receiving
2352.0 3200.0 164.0 80.0 set
2600.0 3192.0 88.0 84.0 Is

392.0 3340.0 176.0 84.0 the
644.0 3336.0 356.0 88.0 aerial.
1140.0 3336.0 252.0 84.0 This
1468.0 3332.0 368.0 88.0 should
1916.0 3332.0 124.0 84.0 be
2116.0 3328.0 572.0 104.0 supported

248.0 3496.0 16.0 48.0 i
396.0 3484.0 92.0 76.0 at
576.0 3476.0 272.0 84.0 least
924.0 3476.0 112.0 84.0 30
1116.0 3476.0 216.0 84.0 feet
1408.0 3472.0 328.0 84.0 above
1816.0 3472.0 180.0 84.0 the
2072.0 3468.0 432.0 104.0 ground,
2588.0 3476.0 104.0 76.0 at

228.0 3568.0 28.0 128.0 I
400.0 3632.0 188.0 68.0 Due
644.0 3612.0 232.0 96.0 end,
932.0 3608.0 200.0 88.0 and
1188.0 3608.0 372.0 88.0 should
1616.0 3608.0 128.0 84.0 be
1800.0 3608.0 112.0 84.0 50
1968.0 3608.0 216.0 84.0 feet
2240.0 3628.0 116.0 64.0 or
2408.0 3624.0 284.0 64.0 more

216.0 3708.0 24.0 124.0 I
396.0 3752.0 100.0 84.0 In
560.0 3752.0 392.0 100.0 length.

528.0 3904.0 208.0 100.0 Fig.
808.0 3904.0 48.0 84.0 1
924.0 3900.0 348.0 84.0 shows
1332.0 3920.0 128.0 64.0 an
1524.0 3900.0 752.0 96.0 arrangement
2336.0 3896.0 168.0 84.0 for
2560.0 3916.0 128.0 60.0 an

180.0 3996.0 20.0 72.0 '
404.0 4040.0 320.0 88.0 aerial
784.0 4040.0 108.0 84.0 of
952.0 4040.0 160.0 84.0 six
1172.0 4036.0 452.0 96.0 strands,
1684.0 4032.0 204.0 88.0 and
1952.0 4036.0 216.0 96.0 Fig.
2232.0 4032.0 52.0 84.0 2
2348.0 4032.0 348.0 84.0 shows

0.0 4160.0 28.0 20.0 "
396.0 4180.0 244.0 84.0 how-
728.0 4180.0 184.0 80.0 the
1304.0 4172.0 684.0 84.0 connections
2088.0 4192.0 176.0 60.0 are
2360.0 4168.0 308.0 84.0 made

488.0 7352.0 160.0 152.0 fl-B
908.0 7352.0 112.0 144.0 fl--
1328.0 7404.0 184.0 104.0 BB
1756.0 7352.0 192.0 152.0 fc-B
2188.0 7352.0 160.0 152.0 &-B
2492.0 7400.0 156.0 104.0 S-fi

496.0 7544.0 32.0 144.0 t
1336.0 7556.0 28.0 136.0 I
1756.0 7496.0 44.0 200.0 I
2188.0 7496.0 44.0 204.0 1
2616.0 7496.0 92.0 256.0 tl

412.0 7920.0 236.0 96.0 Any
700.0 7916.0 252.0 84.0 wire
1004.0 7916.0 188.0 84.0 but
1240.0 7916.0 272.0 84.0 steel
1564.0 7936.0 116.0 60.0 or
1732.0 7916.0 260.0 92.0 Iron,
2052.0 7920.0 184.0 76.0 not
2292.0 7908.0 424.0 84.0 smaller

408.0 8052.0 268.0 88.0 than
748.0 8052.0 188.0 84.0 No.
1016.0 8052.0 140.0 96.0 16,
1228.0 8052.0 352.0 84.0 either
1648.0 8048.0 252.0 88.0 bare
1968.0 8068.0 120.0 64.0 or
2160.0 8044.0 556.0 96.0 Insulated,

416.0 8212.0 244.0 76.0 may
724.0 8188.0 132.0 84.0 be
928.0 8188.0 252.0 84.0 used
1256.0 8188.0 164.0 84.0 for
1488.0 8188.0 180.0 84.0 the
1736.0 8184.0 460.0 100.0 strands,
2264.0 8184.0 204.0 84.0 and
2540.0 8180.0 180.0 88.0 the

408.0 8328.0 212.0 84.0 end
688.0 8324.0 560.0 104.0 spreaders
1324.0 8324.0 164.0 104.0 (A,
1556.0 8328.0 216.0 100.0 Fig.
1840.0 8324.0 104.0 100.0 2)
2020.0 8344.0 240.0 80.0 may
2328.0 8320.0 124.0 84.0 be
2516.0 8340.0 200.0 76.0 any

412.0 8464.0 304.0 100.0 light,
800.0 8468.0 368.0 96.0 strong
1244.0 8460.0 296.0 104.0 poles
1616.0 8464.0 48.0 84.0 5
1868.0 8460.0 220.0 88.0 feet
2164.0 8460.0 272.0 100.0 long.
2576.0 8456.0 116.0 84.0 In-

408.0 8600.0 476.0 88.0 sulators
968.0 8608.0 284.0 80.0 must
1332.0 8600.0 128.0 84.0 be
1544.0 8604.0 164.0 84.0 set
1788.0 8596.0 108.0 88.0 In
1980.0 8596.0 476.0 88.0 between
2536.0 8592.0 184.0 88.0 the

412.0 8736.0 576.0 100.0 spreaders
1076.0 8736.0 204.0 84.0 and
1368.0 8736.0 188.0 88.0 the
1648.0 8736.0 260.0 84.0 ends
2000.0 8736.0 112.0 84.0 of
2200.0 8732.0 180.0 88.0 the
2468.0 8732.0 252.0 84.0 wire

424.0 8876.0 432.0 84.0 strands
952.0 8876.0 164.0 96.0 (B,
1200.0 8876.0 216.0 96.0 Fig.
1504.0 8872.0 152.0 100.0 2),
1736.0 8872.0 208.0 84.0 and
2028.0 8872.0 184.0 88.0 the
2296.0 8868.0 424.0 88.0 strands

416.0 9016.0 296.0 84.0 must
756.0 9012.0 136.0 84.0 he
948.0 9008.0 496.0 92.0 fastened
1500.0 9008.0 112.0 88.0 12
1672.0 9008.0 372.0 88.0 Inches
2100.0 9012.0 328.0 96.0 apart.
2552.0 9004.0 144.0 88.0 Or-

424.0 9148.0 376.0 100.0 dinary
860.0 9148.0 544.0 104.0 porcelain
1476.0 9148.0 336.0 84.0 cleats
1892.0 9144.0 268.0 100.0 (Fig.
2236.0 9136.0 100.0 108.0 3)
2416.0 9140.0 308.0 88.0 make

384.0 9280.0 8.0 16.0 '
428.0 9284.0 264.0 104.0 good
788.0 9284.0 604.0 88.0 insulators.
1548.0 9284.0 188.0 84.0 Tie
1828.0 9284.0 184.0 88.0 the
2104.0 9284.0 620.0 100.0 supporting

420.0 9444.0 320.0 80.0 ropes
796.0 9424.0 72.0 84.0 C
920.0 9424.0 112.0 84.0 of
1080.0 9424.0 180.0 84.0 the
1312.0 9420.0 328.0 88.0 aerial
1708.0 9420.0 268.0 100.0 (Fig.
2032.0 9420.0 100.0 100.0 2)
2204.0 9424.0 104.0 80.0 to
2364.0 9436.0 332.0 68.0 screw-

428.0 9580.0 252.0 80.0 eyes
744.0 9560.0 368.0 100.0 placed
1176.0 9564.0 108.0 80.0 at
1348.0 9560.0 180.0 84.0 the
1588.0 9556.0 260.0 88.0 ends
1908.0 9556.0 108.0 88.0 of
2076.0 9556.0 180.0 88.0 the
2316.0 9552.0 380.0 104.0 spread-

412.0 9716.0 220.0 76.0 ers,
704.0 9696.0 204.0 84.0 and
968.0 9696.0 256.0 88.0 then
1296.0 9696.0 348.0 84.0 fasten
1708.0 9696.0 184.0 84.0 the
1960.0 9716.0 252.0 76.0 rope
2280.0 9700.0 296.0 92.0 stays
2644.0 9688.0 84.0 84.0 D

428.0 9836.0 112.0 84.0 to
608.0 9832.0 324.0 100.0 them,
1000.0 9832.0 200.0 84.0 and
1272.0 9836.0 108.0 84.0 to
1444.0 9832.0 180.0 84.0 the
1696.0 9828.0 592.0 104.0 spreaders,
2364.0 9852.0 116.0 64.0 so
2548.0 9828.0 180.0 88.0 the

436.0 9972.0 560.0 100.0 spreaders
1052.0 9968.0 216.0 84.0 will
1316.0 9972.0 188.0 84.0 not
1560.0 9964.0 432.0 88.0 become
2052.0 9968.0 392.0 84.0 bowed.

568.0 10128.0 220.0 100.0 Fig.
840.0 10132.0 48.0 80.0 5
944.0 10128.0 348.0 84.0 shows
1336.0 10148.0 64.0 68.0 a
1448.0 10128.0 264.0 100.0 good
1764.0 10132.0 228.0 96.0 pair
2028.0 10128.0 112.0 84.0 of
2176.0 10128.0 560.0 100.0 telephone

432.0 10268.0 564.0 96.0 receivers,
1024.0 10268.0 284.0 84.0 "with
1364.0 10264.0 616.0 92.0 head-band.
2104.0 10268.0 92.0 84.0 If
2248.0 10288.0 204.0 80.0 you
2508.0 10288.0 192.0 64.0 cau-

272.0 10408.0 72.0 20.0 "
416.0 10420.0 208.0 76.0 tnot
704.0 10404.0 332.0 88.0 afford
1124.0 10428.0 60.0 60.0 a
1264.0 10404.0 256.0 100.0 pair,
1604.0 10424.0 204.0 80.0 you
1888.0 10424.0 196.0 64.0 can
2164.0 10412.0 176.0 92.0 get
2424.0 10408.0 312.0 96.0 along

412.0 11304.0 12.0 128.0 i
2164.0 11256.0 16.0 188.0 I
2416.0 11304.0 204.0 164.0 M

2408.0 11448.0 176.0 60.0 Swnt
2612.0 11460.0 8.0 48.0 i

412.0 11532.0 8.0 104.0 !
872.0 11512.0 16.0 148.0 I
1496.0 11584.0 140.0 84.0 ,f
1664.0 11572.0 588.0 88.0 CONDENSER

1080.0 11900.0 600.0 116.0 RECEIVERS'

416.0 12104.0 12.0 104.0 i
1656.0 12040.0 588.0 188.0 JL-SILICON

416.0 12228.0 8.0 152.0 J
1620.0 12204.0 176.0 108.0 O
1840.0 12224.0 516.0 92.0 DETECTOR

536.0 12404.0 1080.0 108.0 r--x-TUNING-

1188.0 12528.0 268.0 88.0 COIL

704.0 13072.0 168.0 168.0 (g)
1648.0 13084.0 320.0 104.0 QWUND
2368.0 13080.0 64.0 88.0 C
2448.0 13088.0 268.0 76.0 ROUND

448.0 13484.0 256.0 84.0 with
780.0 13504.0 64.0 64.0 a
920.0 13480.0 340.0 104.0 single
1332.0 13480.0 496.0 88.0 receiver.
1976.0 13480.0 212.0 100.0 Fig.
2268.0 13480.0 48.0 80.0 6
2400.0 13480.0 348.0 84.0 shows

420.0 13616.0 212.0 96.0 ithe
716.0 13620.0 248.0 84.0 kind
1052.0 13620.0 108.0 84.0 of
1244.0 13616.0 376.0 88.0 switch
1704.0 13620.0 108.0 84.0 to
1896.0 13616.0 204.0 100.0 buy
2236.0 13636.0 64.0 64.0 a
420.0 13616.0 2332.0 240.0 single-Ipole-double-throw

1560.0 13752.0 404.0 88.0 switch.
2044.0 13752.0 252.0 84.0 This
2380.0 13748.0 368.0 88.0 switch

420.0 13856.0 312.0 164.0 jmust
788.0 13892.0 128.0 96.0 be
972.0 13888.0 368.0 104.0 placed
1400.0 13888.0 416.0 88.0 outside
1876.0 13888.0 108.0 84.0 of
2044.0 13888.0 180.0 88.0 the
2284.0 13888.0 464.0 96.0 window,

420.0 13992.0 136.0 160.0 jto
616.0 14028.0 428.0 104.0 provide
1108.0 14028.0 164.0 84.0 for
1332.0 14028.0 800.0 100.0 disconnecting
2188.0 14024.0 176.0 88.0 the
2424.0 14024.0 324.0 88.0 aerial

416.0 14140.0 336.0 164.0 jwhen
812.0 14164.0 180.0 84.0 the
1052.0 14164.0 536.0 100.0 receiving
1644.0 14168.0 164.0 80.0 set
1860.0 14164.0 88.0 80.0 is
2004.0 14164.0 188.0 84.0 not
2244.0 14164.0 100.0 80.0 in
2400.0 14180.0 320.0 84.0 opera-

424.0 14304.0 280.0 96.0 tion,
764.0 14324.0 116.0 64.0 as
936.0 14324.0 64.0 64.0 a
1052.0 14300.0 612.0 100.0 precaution
1724.0 14296.0 420.0 100.0 against
2200.0 14296.0 548.0 104.0 lightning.

444.0 14436.0 228.0 104.0 Fig.
744.0 14436.0 52.0 84.0 4
860.0 14436.0 352.0 84.0 shows
1280.0 14436.0 176.0 84.0 the
1520.0 14432.0 372.0 104.0 wiring
1960.0 14436.0 500.0 100.0 diagram.
2532.0 14428.0 220.0 88.0 One

452.0 14576.0 256.0 80.0 wire
772.0 14572.0 272.0 84.0 from
1108.0 14572.0 180.0 80.0 the
1356.0 14572.0 372.0 84.0 switch
1788.0 14576.0 284.0 80.0 must
2132.0 14572.0 124.0 84.0 be
2320.0 14568.0 400.0 104.0 ground-

424.0 14712.0 188.0 92.0 led,
680.0 14704.0 256.0 100.0 also,
1004.0 14728.0 120.0 64.0 as
1192.0 14704.0 396.0 100.0 shown,
1652.0 14708.0 532.0 92.0 outdoors.
2320.0 14708.0 216.0 92.0 The
2608.0 14724.0 112.0 68.0 re-

428.0 14812.0 444.0 184.0 jceiving
928.0 14848.0 168.0 80.0 set
1148.0 14848.0 280.0 80.0 must
1480.0 14840.0 124.0 88.0 be
1660.0 14844.0 568.0 100.0 grounded,
2280.0 14844.0 204.0 84.0 and
2540.0 14840.0 212.0 88.0 this

460.0 14980.0 588.0 104.0 grounding
1144.0 15000.0 192.0 64.0 can
1440.0 14976.0 124.0 88.0 be
1660.0 14980.0 320.0 84.0 taken
2076.0 15000.0 244.0 64.0 care
2416.0 14980.0 108.0 84.0 of
2620.0 14980.0 128.0 100.0 by

460.0 15116.0 636.0 100.0 connecting
1192.0 15136.0 64.0 64.0 a
1356.0 15116.0 248.0 84.0 wire
1700.0 15120.0 108.0 80.0 to
1908.0 15136.0 64.0 64.0 a
2072.0 15116.0 468.0 88.0 radiator
2636.0 15136.0 120.0 68.0 or

460.0 15252.0 548.0 100.0 plumbing
1080.0 15252.0 264.0 100.0 pipe.

436.0 15392.0 8.0 72.0 i
584.0 15388.0 288.0 88.0 With
1028.0 15392.0 180.0 88.0 the
1368.0 15396.0 536.0 100.0 receiving
2056.0 15404.0 700.0 80.0 Instruments

436.0 15532.0 516.0 100.0 Iproperly
1032.0 15528.0 512.0 104.0 prepared
1628.0 15532.0 204.0 84.0 and
1916.0 15536.0 164.0 84.0 set
2160.0 15552.0 164.0 80.0 up,
2408.0 15536.0 208.0 84.0 and
2696.0 15556.0 60.0 64.0 a

464.0 15668.0 268.0 100.0 good
808.0 15668.0 324.0 84.0 aerial
1216.0 15668.0 252.0 84.0 with
1548.0 15664.0 136.0 88.0 Its
1756.0 15668.0 380.0 84.0 lead-in
2212.0 15672.0 252.0 84.0 wire
2544.0 15692.0 184.0 80.0 per-

460.0 15804.0 332.0 96.0 fectly
852.0 15804.0 560.0 96.0 Insulated,
1472.0 15824.0 200.0 76.0 you
1736.0 15804.0 372.0 88.0 should
2172.0 15804.0 124.0 88.0 be
2356.0 15808.0 232.0 88.0 able
2648.0 15816.0 108.0 80.0 to

464.0 15940.0 416.0 84.0 receive
944.0 15940.0 268.0 84.0 from
1280.0 15940.0 668.0 84.0 commercial
2012.0 15944.0 452.0 84.0 stations
2528.0 15952.0 108.0 80.0 at
2700.0 15968.0 56.0 64.0 a

468.0 16080.0 476.0 88.0 distance
1020.0 16084.0 108.0 84.0 of
1200.0 16084.0 108.0 80.0 at
1388.0 16080.0 272.0 84.0 least
1732.0 16104.0 60.0 60.0 a
1872.0 16080.0 472.0 88.0 hundred
2428.0 16084.0 324.0 88.0 miles,

464.0 16212.0 204.0 84.0 and
740.0 16216.0 264.0 80.0 from
1068.0 16212.0 144.0 84.0 all
1272.0 16216.0 480.0 80.0 amateur
1816.0 16216.0 456.0 84.0 stations
2336.0 16216.0 104.0 84.0 in
2504.0 16240.0 256.0 76.0 your

464.0 16348.0 468.0 104.0 vicinity.

588.0 16512.0 220.0 84.0 The
864.0 16516.0 208.0 80.0 two
1112.0 16512.0 544.0 100.0 telegraph
1704.0 16512.0 312.0 88.0 codes
2156.0 16516.0 348.0 88.0 Morse
2560.0 16520.0 200.0 84.0 and

436.0 16648.0 704.0 84.0 IContinental
1276.0 16656.0 280.0 76.0 must
1620.0 16648.0 124.0 84.0 be
1808.0 16652.0 460.0 96.0 learned,
2312.0 16652.0 448.0 88.0 because

440.0 16772.0 276.0 96.0 'both
788.0 16804.0 180.0 64.0 are
1040.0 16784.0 580.0 100.0 employed,
1688.0 16788.0 396.0 100.0 though
2160.0 16788.0 176.0 84.0 the
2416.0 16792.0 344.0 84.0 Morse

1896.0 17116.0 500.0 124.0 CODES

1704.0 17260.0 344.0 104.0 MORSE
2176.0 17260.0 564.0 104.0 CONTINENTAL

468.0 20356.0 252.0 84.0 code
800.0 20360.0 84.0 92.0 is
968.0 20360.0 176.0 84.0 the
1220.0 20384.0 196.0 60.0 one
1496.0 20364.0 96.0 80.0 In
1676.0 20364.0 424.0 96.0 general
2188.0 20384.0 208.0 64.0 use.
2540.0 20364.0 216.0 80.0 The

464.0 20492.0 208.0 80.0 two
736.0 20512.0 176.0 64.0 are
980.0 20496.0 360.0 80.0 shown
1412.0 20496.0 100.0 80.0 In
1576.0 20500.0 180.0 80.0 the
1824.0 20496.0 468.0 100.0 diagram
2364.0 20500.0 108.0 80.0 of
2544.0 20496.0 184.0 100.0 Fig

464.0 20620.0 88.0 88.0 7.
712.0 20624.0 208.0 84.0 You
1008.0 20628.0 208.0 80.0 will
1308.0 20628.0 344.0 84.0 notice
1736.0 20632.0 228.0 84.0 that
2056.0 20632.0 100.0 80.0 In
2248.0 20632.0 176.0 84.0 the
2512.0 20652.0 244.0 64.0 case

0.0 20788.0 64.0 12.0 -
440.0 20756.0 136.0 96.0 iOf
644.0 20780.0 308.0 80.0 many
1028.0 20760.0 608.0 84.0 characters
1708.0 20764.0 176.0 84.0 the
1956.0 20776.0 800.0 88.0 arrangements

460.0 20912.0 188.0 64.0 are
740.0 20896.0 432.0 80.0 similar.
1328.0 20896.0 216.0 84.0 Tho
1636.0 20896.0 236.0 84.0 dots
1968.0 20900.0 112.0 80.0 of
2168.0 20900.0 176.0 80.0 the
2440.0 20900.0 312.0 84.0 codes

464.0 21028.0 208.0 80.0 will
736.0 21028.0 124.0 84.0 he
920.0 21028.0 320.0 84.0 heard
1304.0 21032.0 448.0 96.0 through
1816.0 21032.0 176.0 84.0 the
2052.0 21036.0 528.0 80.0 receivers
2640.0 21056.0 116.0 60.0 as

440.0 21164.0 320.0 84.0 'Short
900.0 21160.0 400.0 88.0 buzzes,
1432.0 21164.0 180.0 84.0 the
1744.0 21164.0 388.0 84.0 dashes
2264.0 21188.0 116.0 60.0 as
2516.0 21168.0 240.0 100.0 long

464.0 21288.0 404.0 92.0 buzzes.
1020.0 21296.0 140.0 84.0 As
1244.0 21300.0 296.0 84.0 there
1628.0 21300.0 88.0 80.0 Is
1804.0 21308.0 296.0 88.0 great
2184.0 21300.0 572.0 88.0 difference

464.0 21420.0 108.0 96.0 In
668.0 21432.0 180.0 84.0 the
948.0 21432.0 608.0 96.0 equipment
1652.0 21432.0 108.0 84.0 of
1860.0 21436.0 596.0 84.0 "wireless"
2560.0 21444.0 164.0 80.0 sta-

440.0 21556.0 332.0 104.0 Itlons,
932.0 21584.0 256.0 80.0 your
1344.0 21568.0 696.0 84.0 instruments
2200.0 21580.0 280.0 76.0 must
2632.0 21572.0 124.0 84.0 be

440.0 21696.0 468.0 96.0 !"tuned"
972.0 21696.0 360.0 88.0 before
1388.0 21720.0 200.0 80.0 you
1648.0 21720.0 192.0 64.0 can
1904.0 21704.0 412.0 84.0 receive
2380.0 21728.0 60.0 60.0 a
2500.0 21728.0 224.0 64.0 mes-

444.0 21824.0 304.0 108.0 isage,
828.0 21832.0 132.0 100.0 by
1032.0 21832.0 368.0 100.0 slowly
1476.0 21832.0 388.0 100.0 sliding
1936.0 21836.0 180.0 84.0 the
2192.0 21840.0 380.0 84.0 sliders
2648.0 21844.0 108.0 84.0 of

440.0 21968.0 204.0 100.0 Ithe
704.0 21968.0 608.0 100.0 tuning-coil
1372.0 21964.0 268.0 88.0 back
1700.0 21968.0 200.0 84.0 and
1964.0 21972.0 312.0 96.0 forth,
2340.0 21976.0 200.0 84.0 and
2604.0 22000.0 116.0 60.0 oc-

448.0 22100.0 596.0 100.0 casionally
1128.0 22100.0 544.0 100.0 adjusting
1756.0 22104.0 176.0 84.0 the
2020.0 22108.0 248.0 84.0 wire
2352.0 22112.0 404.0 100.0 resting

444.0 22228.0 296.0 108.0 jupon
796.0 22240.0 180.0 84.0 the
1040.0 22240.0 292.0 100.0 piece
1396.0 22236.0 112.0 84.0 of
1568.0 22240.0 376.0 84.0 silicon
2004.0 22240.0 112.0 84.0 of
2176.0 22240.0 180.0 88.0 the
2420.0 22240.0 304.0 88.0 detec-

448.0 22368.0 220.0 128.0 jtor,
748.0 22372.0 252.0 88.0 mtU
1076.0 22368.0 176.0 88.0 the
1324.0 22368.0 248.0 92.0 buzz
1772.0 22392.0 180.0 68.0 are
2028.0 22372.0 352.0 88.0 heard.

2808.0 2640.0 76.0 84.0 A
3028.0 2640.0 1084.0 100.0 WASTE-BASKET,
4248.0 2636.0 852.0 88.0 SHIRTWAIST

3020.0 2780.0 288.0 104.0 BOX,
3396.0 2784.0 276.0 80.0 AND
3764.0 2780.0 356.0 84.0 SHOE
4220.0 2776.0 676.0 88.0 BLACKING

3256.0 2920.0 368.0 96.0 CASE,
3696.0 2920.0 120.0 80.0 IN
3888.0 2916.0 768.0 88.0 CRETONNE.

2940.0 3188.0 152.0 88.0 On
3164.0 3196.0 452.0 80.0 account
3684.0 3192.0 108.0 84.0 of
3860.0 3192.0 176.0 88.0 the
4108.0 3192.0 576.0 100.0 simplicity
4748.0 3188.0 112.0 84.0 of
4928.0 3184.0 180.0 88.0 the

2816.0 3332.0 724.0 80.0 construction
3620.0 3332.0 108.0 84.0 of
3804.0 3336.0 504.0 76.0 cretonne
4384.0 3324.0 448.0 88.0 covered
4912.0 3328.0 168.0 80.0 fur-

2816.0 3464.0 376.0 96.0 niture,
3284.0 3468.0 300.0 84.0 there
3676.0 3488.0 180.0 64.0 are
3948.0 3464.0 140.0 88.0 all
4184.0 3468.0 280.0 80.0 sorts
4552.0 3464.0 108.0 84.0 of
4748.0 3460.0 360.0 100.0 thing!

2816.0 3600.0 336.0 84.0 which
3244.0 3624.0 60.0 64.0 a
3392.0 3604.0 196.0 100.0 girl
3676.0 3628.0 196.0 60.0 can
3960.0 3604.0 308.0 84.0 make
4356.0 3604.0 164.0 80.0 for
4604.0 3600.0 188.0 84.0 her
4876.0 3616.0 236.0 68.0 own

2820.0 3760.0 316.0 76.0 room,
3236.0 3740.0 204.0 84.0 and
3544.0 3744.0 164.0 80.0 for
3808.0 3736.0 532.0 92.0 mother's.
4496.0 3748.0 12.0 24.0 '

2936.0 3876.0 224.0 84.0 The
3236.0 3880.0 748.0 84.0 waste-basket
4056.0 3880.0 104.0 80.0 in
4232.0 3880.0 212.0 96.0 Fig.
4524.0 3880.0 48.0 80.0 1
4644.0 3876.0 92.0 80.0 is
4808.0 3868.0 312.0 88.0 mads

2820.0 4020.0 176.0 80.0 out
3068.0 4016.0 116.0 80.0 of
3256.0 4036.0 60.0 64.0 a
3392.0 4036.0 252.0 80.0 soap
3728.0 4016.0 224.0 84.0 box.
4096.0 4012.0 460.0 100.0 Remove
4632.0 4032.0 200.0 64.0 ono
4912.0 4000.0 200.0 92.0 end

2816.0 4152.0 112.0 84.0 of
3016.0 4152.0 176.0 84.0 the
3284.0 4152.0 228.0 100.0 box,
3600.0 4176.0 120.0 60.0 as
3812.0 4152.0 364.0 84.0 shown
4264.0 4148.0 104.0 88.0 (n
4468.0 4148.0 212.0 100.0 Fig.
4776.0 4144.0 84.0 96.0 2,
4952.0 4144.0 164.0 84.0 for

2844.0 8328.0 176.0 84.0 the
3096.0 8352.0 272.0 76.0 open
3448.0 8336.0 176.0 92.0 top
3704.0 8332.0 108.0 80.0 of
3888.0 8328.0 180.0 84.0 the
4156.0 8324.0 404.0 100.0 basket,
4640.0 8324.0 200.0 84.0 and
4924.0 8316.0 216.0 92.0 nail

2844.0 8464.0 180.0 84.0 the
3112.0 8484.0 316.0 64.0 cover
3520.0 8460.0 320.0 88.0 board
3928.0 8460.0 108.0 84.0 In
4128.0 8460.0 296.0 100.0 place
4512.0 8464.0 108.0 80.0 to
4712.0 8456.0 428.0 88.0 enclose

2844.0 8600.0 180.0 84.0 the
3084.0 8600.0 228.0 84.0 side
3388.0 8600.0 264.0 100.0 (Fig.
3720.0 8600.0 144.0 96.0 3).
3992.0 8596.0 220.0 84.0 The
4272.0 8600.0 252.0 80.0 next
4584.0 8600.0 232.0 96.0 step
4880.0 8592.0 92.0 84.0 is
5028.0 8592.0 112.0 88.0 to

2844.0 8740.0 176.0 80.0 cut
3104.0 8732.0 408.0 88.0 several
3600.0 8736.0 324.0 96.0 strips
4004.0 8732.0 320.0 84.0 about
4400.0 8752.0 136.0 64.0 an
4612.0 8732.0 244.0 84.0 inch
4932.0 8724.0 208.0 88.0 and

2844.0 8868.0 464.0 88.0 one-half
3388.0 8868.0 300.0 100.0 wide,
3772.0 8868.0 208.0 88.0 and
4060.0 8868.0 216.0 84.0 nail
4364.0 8868.0 292.0 88.0 them
4740.0 8860.0 400.0 92.0 around

2844.0 9004.0 184.0 88.0 the
3116.0 9012.0 180.0 96.0 top
3396.0 9008.0 320.0 100.0 edges
3808.0 9028.0 120.0 60.0 as
4020.0 9028.0 60.0 60.0 a
4204.0 9000.0 504.0 104.0 finishing
4832.0 8996.0 312.0 88.0 band.

2848.0 9140.0 288.0 88.0 Tack
3232.0 9140.0 184.0 88.0 the
3516.0 9140.0 420.0 88.0 outside
4036.0 9144.0 504.0 84.0 cretonne
4640.0 9160.0 136.0 64.0 on
4880.0 9136.0 264.0 92.0 first,

2848.0 9276.0 252.0 88.0 then
3184.0 9280.0 180.0 84.0 the
3444.0 9276.0 344.0 88.0 Inside
3868.0 9276.0 360.0 100.0 lining.
4376.0 9276.0 216.0 100.0 Lap
4676.0 9276.0 176.0 84.0 the
4936.0 9292.0 180.0 64.0 cre-

2848.0 9420.0 320.0 80.0 tonne
3228.0 9436.0 252.0 64.0 over
3536.0 9412.0 180.0 88.0 the
3776.0 9416.0 184.0 96.0 top
4020.0 9412.0 292.0 104.0 edge,
4372.0 9412.0 208.0 84.0 and
4644.0 9416.0 176.0 88.0 cut
4880.0 9412.0 80.0 84.0 it
5024.0 9420.0 120.0 72.0 so

2848.0 9548.0 232.0 88.0 that
3144.0 9548.0 324.0 88.0 about
3532.0 9572.0 132.0 60.0 an
3732.0 9548.0 244.0 88.0 inch
4044.0 9548.0 212.0 88.0 will
4324.0 9552.0 244.0 84.0 turn
4636.0 9548.0 304.0 84.0 down
5004.0 9540.0 140.0 88.0 all

2852.0 9684.0 428.0 88.0 around.
3404.0 9684.0 296.0 84.0 Then
3756.0 9684.0 432.0 84.0 conceal
4244.0 9684.0 184.0 88.0 the
4484.0 9684.0 260.0 100.0 edge
4800.0 9684.0 112.0 84.0 of
4964.0 9680.0 184.0 88.0 the

2852.0 9828.0 504.0 80.0 cretonne
3416.0 9820.0 132.0 100.0 by
3608.0 9820.0 428.0 104.0 lapping
4092.0 9820.0 180.0 88.0 the
4332.0 9820.0 336.0 100.0 lining
4724.0 9840.0 252.0 64.0 over
5032.0 9816.0 112.0 88.0 It.

2852.0 9956.0 224.0 84.0 The
3144.0 9956.0 336.0 104.0 lining
3552.0 9976.0 236.0 80.0 may
3860.0 9956.0 128.0 88.0 be
4056.0 9956.0 112.0 84.0 of
4236.0 9976.0 64.0 64.0 a
4368.0 9956.0 288.0 100.0 plain
4728.0 9948.0 416.0 92.0 colored

2856.0 10092.0 488.0 88.0 cambric.

2980.0 10228.0 220.0 88.0 The
3272.0 10228.0 588.0 88.0 shirtwaist
3928.0 10224.0 200.0 88.0 box
4196.0 10228.0 364.0 84.0 shown
4632.0 10228.0 104.0 84.0 in
4808.0 10224.0 216.0 104.0 Fig.
5096.0 10224.0 52.0 88.0 4

2856.0 10368.0 92.0 84.0 is
3000.0 10364.0 308.0 84.0 made
3364.0 10364.0 108.0 84.0 of
3520.0 10384.0 64.0 64.0 a
3636.0 10364.0 200.0 84.0 box
3888.0 10364.0 112.0 84.0 of
4048.0 10364.0 180.0 84.0 the
4284.0 10364.0 284.0 104.0 right
4620.0 10360.0 368.0 104.0 height
5040.0 10364.0 108.0 84.0 to

2856.0 10500.0 268.0 84.0 slide
3192.0 10500.0 660.0 84.0 underneath
3924.0 10520.0 60.0 64.0 a
4052.0 10500.0 232.0 96.0 bed,
4348.0 10496.0 204.0 88.0 and
4620.0 10520.0 60.0 64.0 a
4748.0 10500.0 228.0 100.0 pair
5040.0 10492.0 108.0 88.0 of

2856.0 10636.0 444.0 84.0 handles
3392.0 10656.0 180.0 64.0 are
3664.0 10636.0 468.0 84.0 screwed
4224.0 10640.0 108.0 80.0 to
4424.0 10636.0 260.0 84.0 each
4772.0 10636.0 112.0 84.0 of
4968.0 10632.0 180.0 88.0 the

2856.0 10776.0 208.0 80.0 two
3148.0 10772.0 248.0 100.0 long
3484.0 10772.0 316.0 96.0 sides,
3888.0 10792.0 116.0 64.0 so
4092.0 10772.0 80.0 84.0 it
4256.0 10792.0 244.0 80.0 may
4584.0 10768.0 124.0 88.0 be
4796.0 10792.0 132.0 80.0 pu
5096.0 10764.0 52.0 88.0 1

2860.0 10916.0 180.0 80.0 out
3108.0 10908.0 268.0 84.0 from
3444.0 10908.0 340.0 84.0 either
3852.0 10904.0 224.0 88.0 side
4144.0 10908.0 108.0 84.0 of
4312.0 10904.0 180.0 88.0 the
4556.0 10904.0 228.0 88.0 bed.
4924.0 10912.0 16.0 88.0 ;

3000.0 14152.0 472.0 84.0 Because
3536.0 14148.0 176.0 88.0 the
3780.0 14148.0 584.0 88.0 shirtwaist
4436.0 14152.0 192.0 80.0 box
4692.0 14160.0 284.0 72.0 must
5048.0 14148.0 116.0 84.0 be

2876.0 14284.0 472.0 100.0 shallow.
3440.0 14284.0 80.0 88.0 It
3608.0 14284.0 92.0 84.0 is
3792.0 14284.0 232.0 84.0 well
4120.0 14288.0 108.0 80.0 to
4320.0 14284.0 308.0 84.0 make
4720.0 14284.0 80.0 84.0 It
4892.0 14280.0 272.0 100.0 long.

2880.0 14420.0 416.0 100.0 Having
3384.0 14416.0 508.0 104.0 procured
3984.0 14420.0 180.0 84.0 the
4252.0 14416.0 232.0 100.0 box,
4572.0 14420.0 84.0 84.0 It
4740.0 14420.0 96.0 80.0 Is
4920.0 14412.0 244.0 100.0 only

2872.0 14576.0 572.0 80.0 necessary
3504.0 14560.0 108.0 80.0 to
3672.0 14556.0 352.0 84.0 fasten
4084.0 14576.0 60.0 60.0 a
4204.0 14552.0 268.0 100.0 strip
4528.0 14556.0 208.0 84.0 two
4800.0 14552.0 364.0 84.0 inches

2876.0 14692.0 268.0 88.0 wide
3200.0 14692.0 316.0 100.0 along
3572.0 14692.0 180.0 84.0 the
3812.0 14696.0 364.0 80.0 center
4232.0 14688.0 108.0 84.0 of
4396.0 14688.0 180.0 88.0 the
4632.0 14708.0 272.0 80.0 open
4956.0 14692.0 208.0 92.0 top,

2880.0 14832.0 264.0 80.0 from
3208.0 14828.0 200.0 84.0 end
3468.0 14832.0 108.0 80.0 to
3636.0 14824.0 232.0 96.0 end,
3932.0 14828.0 164.0 80.0 for
4152.0 14824.0 184.0 84.0 the
4396.0 14824.0 624.0 100.0 hinge-strip
5084.0 14824.0 76.0 84.0 A

2892.0 14964.0 264.0 104.0 (Fig.
3224.0 14964.0 148.0 104.0 5),
3440.0 14960.0 204.0 88.0 and
3708.0 14960.0 320.0 100.0 hinge
4092.0 14980.0 64.0 64.0 a
4224.0 14956.0 320.0 88.0 board
4612.0 14960.0 264.0 84.0 each
4940.0 14956.0 224.0 84.0 side

2876.0 15104.0 112.0 80.0 of
3044.0 15104.0 84.0 84.0 it
3196.0 15100.0 160.0 84.0 for
3420.0 15100.0 180.0 84.0 the
3668.0 15116.0 368.0 64.0 covers
4116.0 15096.0 160.0 100.0 (B,
4340.0 15096.0 216.0 100.0 Fig.
4628.0 15092.0 144.0 96.0 6).
4896.0 15092.0 268.0 88.0 That

2876.0 15236.0 580.0 100.0 completes
3544.0 15232.0 180.0 88.0 the
3816.0 15252.0 592.0 80.0 carpentry.
4564.0 15232.0 88.0 84.0 It
4744.0 15228.0 208.0 88.0 will
5044.0 15224.0 120.0 88.0 be

2880.0 15372.0 396.0 84.0 easiest
3368.0 15376.0 108.0 80.0 to
3568.0 15388.0 312.0 64.0 cover
3968.0 15368.0 184.0 88.0 the
4244.0 15364.0 200.0 88.0 box
4536.0 15364.0 360.0 88.0 before
4988.0 15360.0 176.0 88.0 the

2876.0 15508.0 624.0 100.0 hinge-strip
3572.0 15504.0 204.0 84.0 and
3852.0 15524.0 372.0 64.0 covers
4296.0 15504.0 272.0 84.0 have
4640.0 15500.0 268.0 84.0 been
4984.0 15504.0 180.0 96.0 put

2880.0 15668.0 164.0 72.0 on,
3128.0 15640.0 200.0 88.0 and
3412.0 15648.0 108.0 80.0 to
3604.0 15640.0 248.0 84.0 tack
3928.0 15640.0 184.0 84.0 the
4192.0 15644.0 504.0 80.0 cretonne
4776.0 15660.0 132.0 64.0 on
4992.0 15632.0 172.0 92.0 the

2876.0 15776.0 624.0 100.0 hinge-strip
3584.0 15776.0 204.0 84.0 and
3876.0 15796.0 372.0 64.0 covers
4332.0 15772.0 364.0 84.0 before
4788.0 15776.0 352.0 84.0 fasten-

2884.0 15920.0 176.0 96.0 ing
3128.0 15916.0 292.0 84.0 them
3496.0 15912.0 104.0 84.0 in
3680.0 15912.0 328.0 100.0 place.
4148.0 15908.0 220.0 88.0 The
4444.0 15908.0 444.0 88.0 handles
4964.0 15904.0 200.0 88.0 and

2884.0 16052.0 176.0 84.0 the
3128.0 16056.0 408.0 76.0 castors
3608.0 16068.0 124.0 80.0 go
3800.0 16068.0 132.0 64.0 on
4000.0 16044.0 240.0 88.0 last.

3012.0 16184.0 292.0 84.0 Have
3404.0 16204.0 200.0 80.0 you
3744.0 16204.0 60.0 64.0 a
3908.0 16180.0 256.0 88.0 shoe
4296.0 16180.0 492.0 100.0 blacking
4924.0 16196.0 240.0 72.0 case

2884.0 16324.0 100.0 84.0 in
3044.0 16340.0 260.0 80.0 your
3360.0 16316.0 356.0 84.0 room?
3832.0 16316.0 276.0 100.0 Very
4168.0 16320.0 200.0 80.0 few
4432.0 16316.0 256.0 104.0 girls
4748.0 16316.0 128.0 84.0 do
4940.0 16340.0 224.0 64.0 own

2884.0 16476.0 228.0 76.0 one,
3192.0 16456.0 176.0 96.0 yet
3448.0 16456.0 80.0 84.0 it
3604.0 16452.0 92.0 84.0 is
3772.0 16476.0 132.0 60.0 an
3984.0 16452.0 372.0 88.0 article
4436.0 16456.0 108.0 80.0 of
4620.0 16460.0 300.0 96.0 great
5000.0 16456.0 164.0 80.0 tin-

2884.0 19076.0 12.0 80.0 I
4980.0 19076.0 188.0 96.0 Zi

2892.0 19284.0 496.0 92.0 portance
3452.0 19284.0 108.0 80.0 to
3632.0 19280.0 176.0 80.0 the
3876.0 19280.0 196.0 96.0 girl
4140.0 19280.0 228.0 80.0 who
4444.0 19280.0 84.0 80.0 is
4596.0 19280.0 572.0 100.0 particular

2884.0 19412.0 316.0 84.0 about
3276.0 19412.0 452.0 100.0 keeping
3796.0 19412.0 188.0 84.0 her
4056.0 19412.0 316.0 84.0 shoes
4440.0 19412.0 248.0 104.0 tidy.
4828.0 19416.0 212.0 100.0 Fig.
5120.0 19408.0 48.0 88.0 7

2884.0 19548.0 348.0 84.0 shows
3296.0 19568.0 60.0 64.0 a
3424.0 19548.0 504.0 100.0 practical
3996.0 19548.0 276.0 84.0 little
4340.0 19548.0 488.0 100.0 blacking
4892.0 19568.0 272.0 72.0 case.

2892.0 19684.0 140.0 104.0 By
3100.0 19688.0 428.0 96.0 making
3592.0 19684.0 176.0 84.0 the
3840.0 19688.0 172.0 96.0 top
4084.0 19684.0 632.0 96.0 removable,
4784.0 19688.0 180.0 84.0 the
5032.0 19684.0 108.0 88.0 in-

2884.0 19820.0 224.0 84.0 side
3176.0 19820.0 108.0 84.0 of
3348.0 19820.0 176.0 84.0 the
3588.0 19840.0 244.0 64.0 case
3900.0 19840.0 236.0 76.0 may
4204.0 19816.0 128.0 84.0 be
4396.0 19820.0 256.0 84.0 used
4720.0 19844.0 116.0 60.0 as
4904.0 19848.0 56.0 60.0 a
5028.0 19844.0 116.0 60.0 re-

2884.0 19956.0 472.0 100.0 ceptacle
3416.0 19960.0 160.0 80.0 for
3628.0 19976.0 252.0 64.0 cans
3936.0 19956.0 200.0 80.0 and
4196.0 19952.0 388.0 88.0 bottles
4632.0 19960.0 108.0 80.0 of
4796.0 19956.0 372.0 100.0 polish,

2884.0 20092.0 476.0 96.0 brushes,
3460.0 20092.0 204.0 84.0 and
3768.0 20112.0 288.0 76.0 rags;
4176.0 20088.0 204.0 84.0 and
4480.0 20092.0 132.0 96.0 by
4712.0 20092.0 456.0 104.0 padding

2884.0 20232.0 176.0 84.0 the
3156.0 20228.0 332.0 84.0 under
3572.0 20224.0 224.0 84.0 side
3884.0 20228.0 196.0 80.0 and
4176.0 20228.0 492.0 100.0 covering
4756.0 20232.0 80.0 80.0 it
4928.0 20228.0 240.0 84.0 with

2880.0 20372.0 532.0 80.0 cretonne,
3476.0 20360.0 180.0 88.0 the
3716.0 20368.0 176.0 92.0 top
3956.0 20380.0 232.0 76.0 may
4252.0 20360.0 124.0 84.0 be
4440.0 20364.0 476.0 84.0 Inverted
4980.0 20364.0 156.0 84.0 aft-

2884.0 20524.0 108.0 60.0 er
3096.0 20520.0 212.0 76.0 use,
3408.0 20496.0 200.0 84.0 and
3712.0 20496.0 176.0 84.0 the
3988.0 20492.0 492.0 104.0 blacking
4576.0 20520.0 248.0 64.0 case
4920.0 20496.0 248.0 88.0 thus

2880.0 20632.0 568.0 88.0 converted
3516.0 20636.0 216.0 80.0 into
3796.0 20632.0 176.0 84.0 the
4036.0 20636.0 564.0 80.0 attractive
4668.0 20632.0 496.0 88.0 footstool

2884.0 20772.0 360.0 84.0 shown
3308.0 20772.0 100.0 80.0 in
3476.0 20768.0 212.0 100.0 Fig.
3756.0 20768.0 76.0 80.0 8.

3008.0 20904.0 212.0 100.0 Fig.
3320.0 20904.0 48.0 84.0 9
3464.0 20904.0 348.0 80.0 shows
3904.0 20900.0 232.0 84.0 how
4232.0 20904.0 232.0 80.0 four
4556.0 20904.0 296.0 84.0 short
4940.0 20904.0 224.0 100.0 legs

2880.0 21040.0 368.0 84.0 should
3336.0 21040.0 124.0 80.0 be
3540.0 21036.0 344.0 84.0 nailed
3964.0 21044.0 108.0 76.0 to
4152.0 21036.0 176.0 84.0 the
4412.0 21060.0 428.0 64.0 corners
4920.0 21044.0 112.0 80.0 of
5108.0 21060.0 60.0 64.0 a

2880.0 21196.0 376.0 80.0 square
3352.0 21196.0 252.0 76.0 soap
3696.0 21172.0 228.0 92.0 box.
4016.0 21172.0 252.0 84.0 with
4356.0 21172.0 180.0 84.0 the
4624.0 21180.0 236.0 92.0 tops
4948.0 21196.0 188.0 80.0 pro-

2880.0 21316.0 396.0 92.0 jecting
3360.0 21312.0 216.0 96.0 just
3664.0 21308.0 408.0 96.0 enough
4160.0 21312.0 104.0 80.0 to
4348.0 21308.0 304.0 84.0 allow
4744.0 21312.0 160.0 80.0 for
4988.0 21308.0 180.0 88.0 the

2880.0 21448.0 544.0 84.0 thickness
3520.0 21444.0 112.0 80.0 of
3724.0 21440.0 180.0 84.0 the
3996.0 21464.0 344.0 68.0 cover,
4432.0 21444.0 204.0 84.0 and
4736.0 21444.0 212.0 100.0 Fig.
5052.0 21444.0 112.0 80.0 10

2880.0 21584.0 348.0 80.0 shows
3320.0 21580.0 228.0 84.0 how
3640.0 21576.0 180.0 84.0 the
3912.0 21596.0 312.0 64.0 cover
4316.0 21576.0 380.0 84.0 boards
4792.0 21580.0 372.0 84.0 should

2876.0 21716.0 124.0 84.0 be
3100.0 21712.0 484.0 88.0 fastened
3680.0 21712.0 488.0 100.0 together
4256.0 21712.0 248.0 84.0 with
4600.0 21716.0 176.0 84.0 the
4868.0 21732.0 296.0 68.0 cross

2880.0 21852.0 320.0 100.0 strips
3280.0 21852.0 112.0 92.0 A.
3468.0 21848.0 204.0 84.0 and
3752.0 21848.0 228.0 84.0 hew
4060.0 21872.0 56.0 60.0 a
4196.0 21848.0 584.0 100.0 triangular
4860.0 21848.0 304.0 84.0 block

2880.0 21988.0 76.0 84.0 B
3028.0 21984.0 368.0 84.0 should
3476.0 21980.0 124.0 88.0 be
3668.0 21984.0 348.0 84.0 nailed
4084.0 21992.0 108.0 80.0 to
4260.0 21988.0 80.0 84.0 It
4412.0 21984.0 160.0 84.0 for
4640.0 22008.0 64.0 60.0 a
4768.0 21992.0 220.0 80.0 rest
5056.0 21992.0 112.0 76.0 to

2880.0 22124.0 264.0 96.0 push
3212.0 22120.0 176.0 84.0 the
3460.0 22120.0 252.0 84.0 shoe
3780.0 22120.0 448.0 100.0 against.

3004.0 22256.0 112.0 84.0 In
3192.0 22256.0 496.0 100.0 covering
3756.0 22256.0 180.0 84.0 the
4008.0 22256.0 496.0 100.0 blacking
4572.0 22280.0 276.0 80.0 case,
4920.0 22260.0 80.0 88.0 It
5068.0 22256.0 96.0 88.0 U

2880.0 22388.0 240.0 88.0 beBt
3180.0 22396.0 100.0 80.0 to
3344.0 22392.0 260.0 84.0 omit
3664.0 22388.0 176.0 88.0 the
3908.0 22392.0 756.0 124.0 tojideUnlnj.

5772.0 2692.0 76.0 84.0 A
5952.0 2684.0 584.0 88.0 PARTING
6640.0 2676.0 384.0 88.0 SHOT.

5376.0 2968.0 532.0 100.0 "Perhaps
6004.0 2964.0 80.0 84.0 it
6184.0 2960.0 88.0 84.0 is
6368.0 2956.0 236.0 84.0 best
6700.0 2952.0 280.0 84.0 after
7072.0 2940.0 232.0 96.0 all,"
7400.0 2960.0 120.0 60.0 re-

5244.0 3104.0 436.0 88.0 marked
5760.0 3104.0 176.0 84.0 the
6012.0 3092.0 468.0 104.0 rejected
6560.0 3092.0 336.0 84.0 suitor
6968.0 3104.0 120.0 64.0 as
7160.0 3084.0 132.0 80.0 he
7372.0 3076.0 144.0 84.0 lin-

5248.0 3244.0 316.0 108.0 gered
5628.0 3248.0 108.0 84.0 in
5804.0 3244.0 176.0 88.0 the
6048.0 3236.0 240.0 88.0 hall.
6428.0 3236.0 140.0 84.0 "A
6640.0 3248.0 240.0 64.0 man
6944.0 3224.0 112.0 84.0 of
7116.0 3220.0 400.0 96.0 twenty-

5248.0 3388.0 200.0 80.0 five
5504.0 3380.0 336.0 88.0 would
5900.0 3376.0 504.0 108.0 probably
6464.0 3392.0 252.0 64.0 soon
6776.0 3364.0 200.0 88.0 tire
7028.0 3360.0 108.0 84.0 of
7188.0 3380.0 60.0 60.0 a
7304.0 3356.0 240.0 84.0 wife

5248.0 3524.0 232.0 88.0 who
5592.0 3516.0 456.0 92.0 hovered
6164.0 3508.0 396.0 92.0 around
6680.0 3508.0 176.0 84.0 the
6972.0 3500.0 572.0 96.0 thirty-two

5244.0 3660.0 388.0 88.0 mark."

5376.0 3800.0 360.0 100.0 "Why,
5800.0 3800.0 184.0 84.0 Mr.
6052.0 3792.0 492.0 96.0 Ardent,"
6612.0 3784.0 220.0 84.0 said
6896.0 3780.0 180.0 88.0 the
7140.0 3792.0 404.0 68.0 woman

5252.0 3944.0 100.0 80.0 in
5428.0 3940.0 176.0 84.0 the
5680.0 3960.0 276.0 68.0 case,
6032.0 3932.0 292.0 84.0 "how
6400.0 3948.0 248.0 80.0 very
6728.0 3916.0 548.0 104.0 ungallant
7348.0 3932.0 200.0 80.0 you

5252.0 4100.0 180.0 64.0 are
5492.0 4080.0 104.0 80.0 to
5660.0 4076.0 532.0 84.0 Insinuate
6256.0 4068.0 228.0 84.0 that
6552.0 4068.0 32.0 80.0 I
6648.0 4084.0 168.0 64.0 am
6876.0 4048.0 668.0 108.0 thirty-two."

5376.0 4216.0 356.0 92.0 "Well,
5812.0 4212.0 452.0 104.0 perhaps
6336.0 4224.0 200.0 84.0 you
6608.0 4224.0 180.0 64.0 are
6860.0 4196.0 272.0 96.0 not,"
7204.0 4192.0 132.0 84.0 he
7404.0 4208.0 116.0 64.0 re-

5248.0 4352.0 312.0 104.0 plied,
5624.0 4352.0 248.0 84.0 "but
5936.0 4352.0 80.0 84.0 it
6080.0 4344.0 516.0 100.0 certainly
6660.0 4336.0 368.0 88.0 struck
7084.0 4352.0 168.0 64.0 me
7320.0 4328.0 228.0 84.0 that

5248.0 4512.0 200.0 80.0 you
5504.0 4512.0 276.0 64.0 were
5836.0 4488.0 652.0 84.0 somewhere
6540.0 4500.0 252.0 68.0 near
6848.0 4476.0 180.0 84.0 the
7084.0 4468.0 464.0 96.0 freezing

5252.0 4628.0 384.0 104.0 point."

5380.0 4768.0 224.0 84.0 And
5752.0 4768.0 244.0 84.0 with
6132.0 4764.0 216.0 88.0 this
6484.0 4760.0 428.0 100.0 parting
7044.0 4748.0 244.0 84.0 shot
7420.0 4744.0 128.0 84.0 be

5256.0 4904.0 448.0 88.0 crawled
5776.0 4908.0 220.0 84.0 into
6060.0 4904.0 168.0 84.0 his
6296.0 4904.0 360.0 92.0 ulBter,
6724.0 4896.0 148.0 84.0 let
6936.0 4892.0 164.0 84.0 his
7168.0 4904.0 380.0 84.0 person

5252.0 5044.0 452.0 100.0 through
5780.0 5044.0 180.0 88.0 the
6036.0 5044.0 284.0 80.0 front
6392.0 5040.0 284.0 88.0 door,
6752.0 5028.0 204.0 88.0 and
7032.0 5020.0 516.0 92.0 hastened

5252.0 5184.0 108.0 84.0 to
5420.0 5180.0 204.0 104.0 flag
5680.0 5180.0 176.0 88.0 the
5916.0 5184.0 252.0 80.0 next
6228.0 5200.0 176.0 64.0 car
6460.0 5172.0 408.0 88.0 headed
6928.0 5168.0 620.0 84.0 downtown.

6016.0 5464.0 308.0 84.0 Some
6408.0 5460.0 356.0 80.0 Name.

5372.0 5596.0 84.0 84.0 A
5520.0 5596.0 276.0 84.0 little
5864.0 5592.0 416.0 88.0 colored
6352.0 5592.0 228.0 100.0 girl,
6652.0 5608.0 60.0 64.0 a
6776.0 5596.0 596.0 72.0 newcomer
7436.0 5576.0 100.0 80.0 in

5248.0 5732.0 424.0 100.0 Sunday
5744.0 5732.0 392.0 96.0 school,
6208.0 5752.0 264.0 80.0 gave
6548.0 5728.0 188.0 84.0 her
6804.0 5740.0 308.0 68.0 name
7184.0 5720.0 108.0 80.0 to
7364.0 5712.0 176.0 88.0 the

5252.0 5868.0 424.0 92.0 teacher
5756.0 5892.0 116.0 64.0 as
5956.0 5868.0 612.0 84.0 "Fertilizer
6644.0 5852.0 568.0 100.0 Johnson."

5372.0 6008.0 316.0 84.0 Later
5764.0 6008.0 180.0 84.0 the
6016.0 6004.0 436.0 88.0 teacher
6520.0 5996.0 328.0 88.0 asked
6920.0 5992.0 184.0 88.0 the
7172.0 5984.0 372.0 88.0 child's

5252.0 6144.0 408.0 84.0 mother
5724.0 6144.0 88.0 84.0 if
5868.0 6144.0 232.0 84.0 that
6164.0 6164.0 216.0 64.0 was
6440.0 6136.0 312.0 104.0 right.

5256.0 6332.0 36.0 40.0 .
5376.0 6280.0 296.0 100.0 "Yes,
5752.0 6280.0 404.0 104.0 ma'am,
6232.0 6276.0 272.0 88.0 dat'B
6576.0 6276.0 192.0 84.0 her
6840.0 6264.0 400.0 96.0 name,"
7316.0 6256.0 228.0 92.0 said

5256.0 6420.0 172.0 88.0 the
5508.0 6420.0 248.0 84.0 fond
5840.0 6420.0 404.0 100.0 parent.
6392.0 6412.0 288.0 84.0 "You
6760.0 6428.0 208.0 72.0 see,
7056.0 6404.0 188.0 84.0 she
7328.0 6416.0 216.0 64.0 was

5252.0 6556.0 372.0 84.0 named
5688.0 6556.0 160.0 84.0 fer
5900.0 6576.0 168.0 64.0 me
6124.0 6552.0 204.0 88.0 and
6388.0 6552.0 188.0 84.0 her
6632.0 6544.0 376.0 88.0 father.
7132.0 6540.0 220.0 84.0 Her
7408.0 6536.0 108.0 80.0 fa-

5252.0 6680.0 232.0 100.0 ther
5568.0 6716.0 164.0 60.0 am
5824.0 6688.0 596.0 88.0 Ferdinand
6508.0 6684.0 204.0 88.0 and
6804.0 6704.0 172.0 76.0 my
7060.0 6692.0 308.0 68.0 name
7456.0 6672.0 92.0 84.0 is

5256.0 6828.0 268.0 88.0 Liza.
5704.0 6836.0 136.0 84.0 So
5924.0 6848.0 156.0 64.0 we
6164.0 6824.0 376.0 88.0 named
6624.0 6820.0 192.0 88.0 her
6904.0 6804.0 640.0 96.0 Fertilizer."

5864.0 7108.0 304.0 84.0 Close
6264.0 7104.0 692.0 88.0 Accountant.

5384.0 7244.0 324.0 84.0 "How
5780.0 7240.0 304.0 84.0 much
6160.0 7240.0 92.0 84.0 is
6328.0 7236.0 552.0 88.0 beefsteak
6956.0 7252.0 60.0 64.0 a
7084.0 7220.0 472.0 112.0 pound?"

5256.0 7380.0 328.0 84.0 asked
5656.0 7380.0 180.0 84.0 the
5904.0 7400.0 240.0 64.0 man
6216.0 7376.0 256.0 84.0 with
6536.0 7376.0 184.0 84.0 the
6784.0 7364.0 428.0 92.0 hurried
7284.0 7384.0 240.0 64.0 man-

5256.0 7540.0 212.0 64.0 ner.
5384.0 7656.0 224.0 88.0 The
5704.0 7660.0 284.0 84.0 meat
6084.0 7656.0 552.0 84.0 merchant
6728.0 7648.0 220.0 88.0 told
7044.0 7644.0 216.0 84.0 him
7356.0 7636.0 200.0 92.0 and

5260.0 7792.0 368.0 104.0 added,
5728.0 7796.0 292.0 84.0 "how
6124.0 7812.0 316.0 80.0 many
6540.0 7788.0 404.0 104.0 pounds
7044.0 7780.0 212.0 88.0 will
7356.0 7796.0 204.0 84.0 you

5260.0 7928.0 396.0 88.0 have?"

5384.0 8072.0 100.0 84.0 "I
5556.0 8072.0 288.0 84.0 don't
5912.0 8076.0 280.0 80.0 want
6264.0 8092.0 232.0 80.0 any.
6632.0 8068.0 40.0 84.0 I
6748.0 8060.0 412.0 88.0 wanted
7232.0 8060.0 108.0 84.0 to
7408.0 8076.0 120.0 64.0 as-

5260.0 8212.0 404.0 80.0 certain
5728.0 8208.0 236.0 84.0 how
6020.0 8208.0 308.0 88.0 much
6392.0 8208.0 40.0 84.0 I
6492.0 8224.0 172.0 68.0 am
6728.0 8200.0 376.0 100.0 saving
7164.0 8196.0 132.0 104.0 by
7360.0 8196.0 172.0 84.0 eat-

5260.0 8344.0 176.0 104.0 ing
5516.0 8344.0 576.0 104.0 scrapple."

5772.0 8628.0 452.0 88.0 Difficult
6288.0 8624.0 756.0 104.0 Undertaking.

5380.0 8752.0 240.0 96.0 "!t's
5740.0 8764.0 384.0 84.0 harder
6240.0 8764.0 252.0 84.0 than
6612.0 8760.0 176.0 88.0 the
6908.0 8752.0 168.0 88.0 old
7196.0 8752.0 364.0 84.0 fifteen

5260.0 8896.0 444.0 104.0 puzzle,"
5792.0 8900.0 228.0 84.0 said
6104.0 8900.0 448.0 84.0 Senator
6632.0 8896.0 516.0 100.0 Sorghum
7232.0 8908.0 120.0 68.0 as
7432.0 8884.0 132.0 84.0 he

5260.0 9036.0 396.0 100.0 pushed
5784.0 9036.0 296.0 84.0 aside
6200.0 9036.0 180.0 84.0 the
6504.0 9028.0 656.0 100.0 manuscript
7280.0 9024.0 108.0 84.0 of
7504.0 9040.0 52.0 64.0 a

5256.0 9172.0 416.0 100.0 speech.
5808.0 9172.0 104.0 84.0 "I
5976.0 9172.0 272.0 84.0 have
6320.0 9164.0 636.0 104.0 rearranged
7028.0 9184.0 172.0 76.0 my
7268.0 9156.0 296.0 88.0 Ideas

5260.0 9328.0 56.0 64.0 a
5396.0 9308.0 328.0 84.0 dozen
5800.0 9308.0 408.0 88.0 times."

5384.0 9440.0 376.0 88.0 "What
5832.0 9464.0 180.0 68.0 are
6088.0 9464.0 200.0 80.0 you
6360.0 9444.0 360.0 100.0 trying
6792.0 9444.0 108.0 84.0 to
6976.0 9432.0 260.0 92.0 do?"

5384.0 9576.0 236.0 88.0 "I'm
5680.0 9584.0 352.0 96.0 trying
6092.0 9584.0 112.0 84.0 to
6264.0 9580.0 132.0 84.0 fix
6456.0 9600.0 132.0 80.0 up
6648.0 9600.0 60.0 60.0 a
6768.0 9576.0 592.0 84.0 consistent
7420.0 9588.0 116.0 64.0 ar-

5264.0 9720.0 428.0 96.0 gument
5784.0 9716.0 236.0 88.0 that
6108.0 9716.0 212.0 84.0 will
6412.0 9732.0 456.0 80.0 arrange
6960.0 9708.0 164.0 84.0 for
7216.0 9704.0 348.0 100.0 safety

5260.0 9848.0 228.0 92.0 first
5564.0 9852.0 200.0 84.0 and
5844.0 9848.0 776.0 104.0 preparedness
6692.0 9844.0 304.0 88.0 last."

5648.0 10128.0 440.0 88.0 AFTER
6168.0 10128.0 464.0 84.0 THREE
6712.0 10124.0 476.0 84.0 YEARS.

5340.0 10544.0 756.0 320.0 y?
6488.0 10488.0 1032.0 328.0 CCS?

5412.0 13360.0 208.0 88.0 She
5756.0 13364.0 36.0 84.0 I
5892.0 13360.0 276.0 88.0 can't
6268.0 13384.0 308.0 80.0 carry
6680.0 13360.0 244.0 88.0 both
7032.0 13360.0 180.0 84.0 the
7312.0 13360.0 268.0 100.0 baby

5280.0 13500.0 204.0 84.0 and
5540.0 13500.0 180.0 84.0 the
5776.0 13496.0 372.0 92.0 basket-

5412.0 13636.0 160.0 84.0 He
5712.0 13632.0 292.0 104.0 Well,
6108.0 13636.0 236.0 100.0 glvn
6440.0 13636.0 184.0 84.0 the
6724.0 13636.0 376.0 84.0 basket
7196.0 13640.0 112.0 80.0 to
7408.0 13636.0 176.0 84.0 the

5288.0 13772.0 264.0 100.0 baby
5620.0 13776.0 112.0 80.0 to
5804.0 13792.0 332.0 80.0 carry.

5852.0 14052.0 432.0 104.0 Flirting
6364.0 14052.0 276.0 80.0 With
6720.0 14052.0 292.0 84.0 Fear.

5276.0 14192.0 272.0 76.0 Borne
5620.0 14212.0 212.0 52.0 men
5908.0 14192.0 180.0 72.0 will
6156.0 14196.0 312.0 72.0 frame
6540.0 14192.0 224.0 72.0 with
6832.0 14192.0 312.0 84.0 gloom
7212.0 14192.0 376.0 76.0 intense

5368.0 14300.0 648.0 84.0 Forebodings
6084.0 14300.0 104.0 72.0 of
6252.0 14320.0 264.0 56.0 some
6584.0 14304.0 328.0 72.0 future
6980.0 14300.0 124.0 92.0 Hi,

5280.0 14408.0 192.0 76.0 Not
5532.0 14408.0 296.0 76.0 based
5888.0 14428.0 120.0 56.0 on
6076.0 14412.0 204.0 72.0 fact
6344.0 14428.0 108.0 56.0 or
6512.0 14408.0 512.0 84.0 Inference,

5368.0 14516.0 188.0 76.0 But
5620.0 14516.0 200.0 84.0 Just
5892.0 14516.0 408.0 76.0 because
6368.0 14516.0 224.0 84.0 they
6664.0 14520.0 256.0 72.0 want
6988.0 14536.0 60.0 52.0 a
7116.0 14516.0 284.0 76.0 thrill.

6028.0 14760.0 452.0 104.0 Popular
6548.0 14760.0 292.0 84.0 Pose.

5404.0 14892.0 212.0 84.0 "Do
5664.0 14892.0 140.0 84.0 all
5856.0 14892.0 304.0 84.0 these
6212.0 14892.0 600.0 100.0 prominent
6864.0 14896.0 440.0 84.0 citizens
7356.0 14892.0 232.0 84.0 who

5280.0 15028.0 308.0 84.0 make
5644.0 15028.0 488.0 100.0 frequent
6192.0 15028.0 268.0 100.0 trips
6524.0 15036.0 108.0 76.0 to
6696.0 15028.0 700.0 100.0 Washington
7460.0 15048.0 128.0 80.0 go

5280.0 15164.0 300.0 84.0 there
5652.0 15164.0 164.0 84.0 for
5884.0 15164.0 180.0 84.0 the
6140.0 15184.0 456.0 80.0 purpose
6672.0 15160.0 108.0 88.0 of
6852.0 15164.0 556.0 100.0 attending
7480.0 15168.0 104.0 80.0 to

5280.0 15296.0 620.0 88.0 business?"

5416.0 15436.0 100.0 84.0 "I
5592.0 15432.0 288.0 96.0 don't
5948.0 15432.0 304.0 84.0 think
6324.0 15452.0 144.0 68.0 so.
6612.0 15436.0 308.0 84.0 Some
6992.0 15456.0 240.0 64.0 men
7304.0 15456.0 288.0 64.0 seem

5288.0 15572.0 108.0 88.0 to
5460.0 15568.0 308.0 88.0 think
5824.0 15572.0 232.0 80.0 that
6120.0 15572.0 132.0 100.0 by
6316.0 15572.0 440.0 100.0 rushing
6812.0 15568.0 144.0 88.0 off
7016.0 15576.0 108.0 80.0 to
7184.0 15572.0 180.0 84.0 the
7424.0 15592.0 140.0 64.0 na-

5288.0 15708.0 328.0 84.0 tional
5672.0 15708.0 392.0 100.0 capital
6120.0 15728.0 316.0 80.0 every
6492.0 15728.0 228.0 64.0 now
6776.0 15708.0 204.0 84.0 and
7036.0 15708.0 252.0 88.0 then
7340.0 15708.0 252.0 100.0 they

5284.0 15848.0 424.0 92.0 acquire
5788.0 15844.0 472.0 84.0 national
6340.0 15844.0 744.0 104.0 importance."

6144.0 16124.0 80.0 84.0 A
6316.0 16128.0 420.0 80.0 Shame.

5408.0 16256.0 240.0 84.0 "I'm
5716.0 16260.0 312.0 100.0 going
6096.0 16256.0 260.0 88.0 back
6428.0 16256.0 440.0 88.0 Bouth?"

5408.0 16392.0 456.0 100.0 "Why?"

5408.0 16528.0 408.0 88.0 "These
5868.0 16528.0 372.0 100.0 people
6296.0 16552.0 128.0 76.0 up
6484.0 16532.0 248.0 84.0 here
6772.0 16552.0 180.0 64.0 are
6996.0 16532.0 256.0 84.0 such
7304.0 16528.0 284.0 88.0 liars.

5284.0 16664.0 156.0 88.0 On
5512.0 16668.0 180.0 84.0 the
5764.0 16664.0 240.0 88.0 lake
6080.0 16664.0 568.0 104.0 yesterday
6720.0 16688.0 64.0 64.0 a
6852.0 16688.0 244.0 60.0 man
7168.0 16664.0 420.0 88.0 warned

5284.0 16824.0 164.0 60.0 me
5504.0 16808.0 112.0 76.0 to
5680.0 16800.0 264.0 100.0 keep
6008.0 16820.0 292.0 80.0 away
6360.0 16800.0 272.0 84.0 from
6696.0 16820.0 132.0 64.0 an
6892.0 16800.0 432.0 100.0 airhole,
7388.0 16796.0 200.0 88.0 and

5284.0 16936.0 304.0 84.0 when
5676.0 16936.0 36.0 84.0 I
5800.0 16936.0 184.0 84.0 fell
6068.0 16936.0 224.0 84.0 into
6376.0 16936.0 80.0 88.0 it
6536.0 16936.0 36.0 84.0 I
6660.0 16936.0 320.0 84.0 found
7068.0 16936.0 80.0 84.0 it
7232.0 16956.0 216.0 64.0 was
7536.0 16956.0 56.0 64.0 a

5288.0 17076.0 328.0 80.0 water
5680.0 17072.0 268.0 96.0 hole,
6020.0 17068.0 200.0 88.0 and
6296.0 17072.0 36.0 84.0 I
6404.0 17072.0 364.0 100.0 nearly
6840.0 17068.0 376.0 88.0 froze."

5816.0 17348.0 200.0 80.0 Out
6096.0 17344.0 108.0 84.0 of
6292.0 17348.0 184.0 80.0 His
6568.0 17348.0 504.0 84.0 Element.

5424.0 17480.0 100.0 84.0 "I
5624.0 17476.0 208.0 84.0 like
5928.0 17484.0 108.0 76.0 to
6132.0 17484.0 280.0 80.0 meet
6536.0 17480.0 372.0 100.0 people
7032.0 17500.0 128.0 64.0 on
7292.0 17480.0 296.0 100.0 equal

5296.0 17612.0 492.0 104.0 ground,"
5856.0 17616.0 224.0 84.0 said
6148.0 17616.0 180.0 84.0 the
6388.0 17616.0 412.0 100.0 precise
6860.0 17616.0 608.0 88.0 Individual.

5424.0 17752.0 196.0 84.0 "So
5684.0 17752.0 128.0 84.0 do
5880.0 17752.0 132.0 96.0 I,"
6076.0 17752.0 548.0 84.0 answered
6692.0 17756.0 180.0 84.0 the
6936.0 17756.0 656.0 84.0 low-browed

5296.0 17908.0 412.0 80.0 person,
5772.0 17888.0 248.0 84.0 "but
6076.0 17892.0 284.0 84.0 what
6420.0 17912.0 180.0 64.0 are
6664.0 17916.0 196.0 80.0 you
6924.0 17896.0 312.0 100.0 going
7296.0 17900.0 108.0 80.0 to
7468.0 17892.0 128.0 88.0 do

5300.0 18024.0 300.0 84.0 when
5664.0 18048.0 60.0 64.0 a
5788.0 18028.0 352.0 84.0 fellow
6204.0 18028.0 372.0 84.0 insists
6636.0 18052.0 128.0 60.0 on
6836.0 18032.0 432.0 100.0 quoting
7328.0 18056.0 64.0 60.0 a
7452.0 18032.0 144.0 84.0 lot

5220.0 18172.0 12.0 32.0 '
5296.0 18164.0 108.0 84.0 of
5464.0 18164.0 168.0 84.0 old
5696.0 18164.0 336.0 100.0 fogies
6096.0 18164.0 232.0 84.0 who
6388.0 18168.0 304.0 84.0 made
6752.0 18168.0 512.0 100.0 speeches
7332.0 18168.0 264.0 104.0 1,000

5300.0 18320.0 308.0 80.0 years
5684.0 18300.0 324.0 100.0 ago?"

6008.0 18584.0 304.0 84.0 Cruel
6380.0 18588.0 500.0 84.0 Comfort.

5416.0 18716.0 152.0 84.0 "If
5696.0 18740.0 196.0 80.0 you
6020.0 18716.0 288.0 88.0 don't
6436.0 18740.0 436.0 80.0 mawwy
7004.0 18744.0 196.0 80.0 me,
7336.0 18724.0 260.0 84.0 Miss

5288.0 18852.0 424.0 104.0 Gladys,
5772.0 18852.0 148.0 88.0 I'll
5988.0 18856.0 260.0 84.0 blow
6308.0 18864.0 180.0 80.0 out
6548.0 18876.0 168.0 80.0 my
6780.0 18860.0 452.0 84.0 brains."

5416.0 18992.0 436.0 84.0 "Would
5896.0 19012.0 216.0 80.0 j'ou
6180.0 18996.0 184.0 96.0 put
6428.0 18992.0 176.0 84.0 the
6672.0 19016.0 252.0 76.0 poor
6988.0 19016.0 440.0 64.0 coroner
7488.0 19004.0 108.0 80.0 to

5292.0 19148.0 60.0 68.0 a
5400.0 19128.0 692.0 100.0 microscopic
6148.0 19128.0 416.0 96.0 inquest
6620.0 19136.0 108.0 76.0 to
6780.0 19128.0 584.0 88.0 determine
7420.0 19132.0 176.0 84.0 the

5292.0 19284.0 320.0 64.0 cause
5668.0 19264.0 108.0 84.0 of
5832.0 19264.0 448.0 84.0 death?"

6168.0 19536.0 216.0 84.0 Had
6460.0 19540.0 276.0 80.0 Two.

5424.0 19676.0 244.0 80.0 Mrs.
5776.0 19672.0 480.0 84.0 Newwed
6404.0 19672.0 312.0 84.0 What
6820.0 19676.0 84.0 80.0 is
7008.0 19696.0 256.0 80.0 your
7372.0 19676.0 196.0 84.0 hus-

5300.0 19808.0 356.0 88.0 band's
5716.0 19808.0 452.0 84.0 favorite
6228.0 19808.0 420.0 84.0 fiction?

5424.0 19948.0 248.0 80.0 Mrs.
5728.0 19944.0 424.0 84.0 Oldwed
6292.0 19940.0 180.0 84.0 It's
6528.0 19964.0 60.0 64.0 a
6644.0 19948.0 224.0 80.0 toss
6932.0 19964.0 132.0 80.0 up
7124.0 19944.0 472.0 88.0 between

5292.0 20076.0 1428.0 88.0 "detained-at-the-office-on
6768.0 20080.0 584.0 96.0 business,"
7484.0 20104.0 116.0 60.0 or

5296.0 20212.0 1296.0 100.0 "meeting-of-the-lodge"
6660.0 20220.0 324.0 92.0 story.

5780.0 20488.0 444.0 80.0 Gradual
6296.0 20484.0 812.0 84.0 Condensation.

5424.0 20620.0 672.0 96.0 "Diplomacy
6200.0 20620.0 472.0 96.0 requires
6772.0 20640.0 60.0 60.0 a
6936.0 20616.0 448.0 84.0 lifetime
7488.0 20624.0 108.0 80.0 of

5300.0 20752.0 408.0 100.0 study."

5424.0 20884.0 300.0 104.0 "Yes,
5780.0 20888.0 196.0 84.0 and
6040.0 20888.0 280.0 84.0 after
6376.0 20908.0 192.0 80.0 you
6632.0 20888.0 264.0 84.0 have
6952.0 20892.0 240.0 80.0 read
7256.0 20892.0 336.0 84.0 whole

5296.0 21024.0 488.0 84.0 libraries
5864.0 21024.0 108.0 84.0 of
6052.0 21024.0 356.0 96.0 books,
6492.0 21024.0 172.0 84.0 the
6752.0 21028.0 288.0 96.0 point
7116.0 21032.0 108.0 80.0 at
7304.0 21032.0 288.0 80.0 issue

5300.0 21160.0 92.0 80.0 Is
5484.0 21156.0 316.0 88.0 liable
5896.0 21168.0 108.0 80.0 to
6096.0 21180.0 408.0 60.0 narrow
6608.0 21156.0 296.0 84.0 down
7008.0 21168.0 104.0 76.0 to
7216.0 21160.0 220.0 88.0 half
7532.0 21188.0 56.0 60.0 a

5300.0 21292.0 324.0 84.0 dozen
5708.0 21292.0 344.0 84.0 words
6136.0 21296.0 108.0 80.0 of
6324.0 21292.0 540.0 88.0 definition
6952.0 21300.0 100.0 80.0 in
7136.0 21296.0 180.0 88.0 the
5300.0 21300.0 2260.0 228.0 dictionary."

6176.0 21716.0 140.0 76.0 Its
6388.0 21708.0 332.0 88.0 Class.

5220.0 21796.0 16.0 152.0 I
5428.0 21844.0 152.0 80.0 "It
5648.0 21864.0 212.0 60.0 was
5928.0 21860.0 56.0 64.0 a
6056.0 21836.0 232.0 84.0 mad
6360.0 21840.0 280.0 80.0 revel
6712.0 21852.0 104.0 72.0 st
6888.0 21844.0 176.0 80.0 the
7140.0 21844.0 452.0 96.0 banquet

5220.0 21960.0 16.0 112.0 !
5308.0 21984.0 204.0 76.0 last
5584.0 21976.0 392.0 96.0 night."

5432.0 22112.0 296.0 100.0 "Yes,
5796.0 22112.0 32.0 80.0 I
5904.0 22108.0 412.0 88.0 noticed
6388.0 22112.0 228.0 84.0 that
6684.0 22136.0 260.0 60.0 even
7012.0 22116.0 176.0 84.0 the
7260.0 22116.0 300.0 84.0 cham-

5304.0 22264.0 336.0 88.0 pagne
5752.0 22248.0 384.0 92.0 bottles
6248.0 22268.0 272.0 64.0 were
6632.0 22248.0 464.0 104.0 frothing
7200.0 22264.0 108.0 76.0 at
7416.0 22252.0 180.0 88.0 the

5220.0 22392.0 16.0 36.0 '
5300.0 22380.0 460.0 104.0 jaouth."

8384.0 2676.0 344.0 84.0 SURE
8808.0 2676.0 460.0 84.0 THING.

10028.0 2792.0 16.0 60.0 1

7812.0 6040.0 412.0 84.0 "Strive
8316.0 6048.0 104.0 80.0 to
8508.0 6044.0 288.0 84.0 excel
8888.0 6048.0 104.0 80.0 in
9080.0 6064.0 260.0 80.0 your
9420.0 6064.0 232.0 64.0 own
9744.0 6044.0 240.0 96.0 line,

7680.0 6196.0 168.0 80.0 my
7920.0 6176.0 228.0 104.0 boy,
8212.0 6200.0 132.0 64.0 no
8412.0 6188.0 388.0 76.0 matter
8860.0 6180.0 228.0 84.0 how
9160.0 6176.0 516.0 88.0 humble."

7808.0 6312.0 220.0 88.0 "No
8076.0 6316.0 328.0 88.0 doubt
8452.0 6320.0 80.0 84.0 it
8584.0 6340.0 292.0 80.0 pays,
8932.0 6316.0 292.0 88.0 dad."

7808.0 6452.0 688.0 108.0 "Invariably.
8576.0 6460.0 288.0 84.0 Even
8928.0 6480.0 60.0 64.0 a
9048.0 6460.0 268.0 100.0 good
9384.0 6456.0 284.0 88.0 wood
9692.0 6456.0 264.0 100.0 chop-

7680.0 6608.0 184.0 80.0 per
7916.0 6612.0 192.0 64.0 can
8168.0 6600.0 176.0 96.0 get
8396.0 6596.0 216.0 84.0 into
8668.0 6596.0 688.0 88.0 vaudeville."

8428.0 6896.0 152.0 80.0 An
8664.0 6896.0 564.0 108.0 Exposure.

8212.0 7032.0 288.0 76.0 Lltfle
8576.0 7040.0 288.0 84.0 drops
8940.0 7040.0 100.0 72.0 of
9116.0 7044.0 324.0 80.0 water.

8304.0 7144.0 288.0 76.0 Little
8640.0 7148.0 332.0 84.0 grains
9024.0 7148.0 100.0 72.0 of
9172.0 7152.0 272.0 68.0 sand.

8212.0 7252.0 284.0 76.0 Make
8552.0 7256.0 160.0 76.0 the
8764.0 7260.0 348.0 80.0 village
9164.0 7276.0 332.0 64.0 grocer

8304.0 7364.0 72.0 68.0 A
8440.0 7384.0 316.0 68.0 power
8816.0 7368.0 88.0 72.0 in
8964.0 7368.0 160.0 72.0 the
9184.0 7368.0 248.0 72.0 land.

8460.0 7608.0 368.0 104.0 Safety
8900.0 7612.0 308.0 84.0 First.

7804.0 7752.0 324.0 88.0 "Miss
8204.0 7756.0 416.0 84.0 Gadder
8696.0 7760.0 192.0 84.0 has
8964.0 7780.0 64.0 64.0 a
9100.0 7756.0 584.0 88.0 wonderful
9760.0 7756.0 228.0 104.0 pair

7676.0 7888.0 112.0 84.0 of
7856.0 7888.0 344.0 100.0 eyes."

7804.0 8024.0 360.0 104.0 "Well,
8224.0 8028.0 284.0 88.0 what
8564.0 8032.0 84.0 84.0 if
8704.0 8032.0 184.0 84.0 Bhe
8948.0 8032.0 320.0 84.0 has?"

7804.0 8160.0 296.0 104.0 "But,
8172.0 8184.0 172.0 80.0 my
8416.0 8164.0 252.0 88.0 dear
8736.0 8168.0 384.0 96.0 fellow,
9192.0 8168.0 284.0 88.0 don't
9548.0 8188.0 204.0 80.0 you
9824.0 8164.0 132.0 88.0 ad-

7676.0 8300.0 264.0 84.0 mire
8012.0 8296.0 516.0 92.0 beautiful
8604.0 8304.0 376.0 100.0 eyes?"

7808.0 8432.0 248.0 104.0 "Oh,
8136.0 8460.0 216.0 76.0 yes,
8432.0 8436.0 188.0 92.0 but
8700.0 8440.0 300.0 84.0 when
9084.0 8444.0 32.0 84.0 I
9196.0 8444.0 268.0 84.0 have
9544.0 8464.0 128.0 60.0 an
9752.0 8440.0 232.0 88.0 idea

7680.0 8572.0 232.0 88.0 that
7980.0 8576.0 252.0 100.0 they
8300.0 8596.0 324.0 64.0 never
8700.0 8576.0 268.0 100.0 light
9032.0 8596.0 136.0 80.0 up
9240.0 8584.0 376.0 96.0 except
9684.0 8576.0 304.0 88.0 when

7684.0 8708.0 248.0 100.0 they
8020.0 8720.0 224.0 80.0 rest
8332.0 8732.0 128.0 64.0 on
8560.0 8736.0 292.0 60.0 some
8948.0 8716.0 568.0 96.0 expensive
9604.0 8712.0 384.0 100.0 object,

7684.0 8844.0 36.0 84.0 I
7792.0 8844.0 356.0 104.0 prefer
8220.0 8852.0 108.0 80.0 to
8404.0 8848.0 132.0 88.0 do
8608.0 8868.0 168.0 84.0 my
8848.0 8848.0 524.0 104.0 admiring
9444.0 8856.0 108.0 80.0 at
9624.0 8872.0 64.0 64.0 a
9760.0 8848.0 232.0 88.0 safe

7684.0 8980.0 576.0 92.0 distance."

8548.0 9264.0 576.0 84.0 Erudition.

7812.0 9392.0 324.0 84.0 "How
8264.0 9396.0 88.0 84.0 is
8484.0 9416.0 260.0 76.0 your
8864.0 9396.0 204.0 100.0 boy
9192.0 9396.0 256.0 84.0 Josh
9576.0 9400.0 408.0 96.0 getting

7684.0 9528.0 316.0 104.0 along
8080.0 9532.0 252.0 84.0 with
8416.0 9532.0 164.0 84.0 his
8668.0 9532.0 452.0 84.0 books?"

7816.0 9668.0 344.0 92.0 "First
8252.0 9668.0 320.0 92.0 rate."
8668.0 9668.0 400.0 104.0 replied
9164.0 9672.0 428.0 88.0 Farmer
9684.0 9676.0 272.0 84.0 Corn-

7688.0 9804.0 360.0 88.0 tossel.
8184.0 9804.0 312.0 88.0 "He's
8556.0 9808.0 428.0 84.0 learned
9044.0 9832.0 64.0 60.0 a
9168.0 9808.0 336.0 84.0 whole
9564.0 9808.0 240.0 88.0 lot."

7816.0 9940.0 456.0 88.0 "Knows
8356.0 9960.0 288.0 68.0 more
8728.0 9944.0 256.0 84.0 than
9068.0 9964.0 200.0 84.0 you
9352.0 9944.0 156.0 100.0 do,
9596.0 9944.0 40.0 84.0 I
9720.0 9940.0 264.0 92.0 bet."

7816.0 10076.0 104.0 84.0 "I
7996.0 10076.0 312.0 92.0 won't
8388.0 10104.0 184.0 76.0 Bay
8652.0 10080.0 260.0 88.0 that.
9056.0 10084.0 200.0 84.0 But
9336.0 10080.0 132.0 88.0 he
9548.0 10080.0 176.0 88.0 kin
9800.0 10080.0 188.0 88.0 tell

7688.0 10236.0 168.0 64.0 me
7952.0 10236.0 64.0 64.0 a
8108.0 10216.0 156.0 88.0 lot
8356.0 10216.0 112.0 88.0 of
8560.0 10216.0 360.0 104.0 things
8952.0 10292.0 16.0 12.0 .
9016.0 10224.0 40.0 88.0 I
9152.0 10216.0 436.0 104.0 already
9684.0 10216.0 308.0 88.0 know

7692.0 10348.0 104.0 88.0 in
7864.0 10348.0 524.0 104.0 language
8460.0 10352.0 40.0 88.0 I
8576.0 10352.0 280.0 92.0 can't
8932.0 10356.0 744.0 84.0 understand."

8196.0 10632.0 424.0 84.0 Modern
8704.0 10636.0 792.0 104.0 Campaigning.

7820.0 10760.0 376.0 92.0 "What
8256.0 10784.0 184.0 64.0 are
8504.0 10784.0 260.0 80.0 your
8828.0 10768.0 324.0 84.0 views
9220.0 10788.0 132.0 64.0 on
9416.0 10768.0 216.0 84.0 this
9704.0 10784.0 256.0 80.0 ques-

7692.0 10900.0 352.0 88.0 tion?"
7824.0 11036.0 384.0 88.0 "Come
8312.0 11036.0 396.0 88.0 around
8824.0 11044.0 564.0 80.0 tomorrow
9496.0 11036.0 204.0 88.0 and
9812.0 11060.0 184.0 64.0 see

7696.0 11168.0 284.0 108.0 'em,"
8060.0 11176.0 400.0 100.0 replied
8544.0 11176.0 448.0 88.0 Senator
9076.0 11176.0 548.0 100.0 Sorghum.

7820.0 11304.0 288.0 88.0 "lou
8164.0 11332.0 312.0 64.0 mean
8548.0 11312.0 284.0 84.0 'hear
8892.0 11312.0 352.0 100.0 them,'
9312.0 11312.0 292.0 88.0 don't
9664.0 11312.0 332.0 104.0 you?"

7824.0 11444.0 248.0 88.0 "No.
8228.0 11452.0 36.0 84.0 1
8356.0 11472.0 308.0 60.0 mean
8756.0 11452.0 208.0 80.0 'see
9048.0 11448.0 352.0 88.0 them.'
9552.0 11448.0 212.0 88.0 I've
9852.0 11472.0 112.0 60.0 se-

7696.0 11580.0 316.0 88.0 cured
8084.0 11584.0 184.0 88.0 the
8340.0 11608.0 252.0 80.0 very
8664.0 11584.0 324.0 88.0 latest
9064.0 11584.0 204.0 88.0 and
9344.0 11584.0 236.0 88.0 best
9652.0 11588.0 168.0 84.0 set
9888.0 11584.0 108.0 88.0 of

7696.0 11720.0 396.0 84.0 motion
8156.0 11724.0 468.0 100.0 pictures
8684.0 11744.0 132.0 64.0 on
8884.0 11720.0 176.0 88.0 the
9120.0 11720.0 508.0 104.0 subject."

8396.0 12012.0 188.0 88.0 His
8660.0 12012.0 652.0 104.0 Advantage.

7820.0 12144.0 456.0 104.0 Lawyer
8388.0 12148.0 44.0 84.0 I
8504.0 12168.0 216.0 80.0 say,
8788.0 12148.0 396.0 96.0 doctor,
9248.0 12148.0 240.0 100.0 why
9552.0 12168.0 184.0 64.0 are
9804.0 12168.0 200.0 80.0 you

7696.0 12284.0 396.0 100.0 always
8172.0 12284.0 456.0 100.0 running
8708.0 12284.0 448.0 100.0 lawyers
9236.0 12284.0 372.0 88.0 down?

7820.0 12420.0 392.0 88.0 Doctor
8324.0 12420.0 396.0 100.0 (dryly)
8868.0 12420.0 300.0 100.0 Well,
9264.0 12444.0 260.0 76.0 your
9620.0 12424.0 352.0 100.0 profes-

7700.0 12556.0 228.0 84.0 sion
7988.0 12556.0 408.0 88.0 doesn't
8456.0 12556.0 308.0 84.0 make
8820.0 12556.0 372.0 100.0 angels
9252.0 12556.0 112.0 88.0 of
9420.0 12576.0 272.0 80.0 men,
9752.0 12556.0 252.0 88.0 does

7696.0 12692.0 148.0 88.0 it?

7824.0 12828.0 436.0 100.0 Lawyer
8392.0 12828.0 300.0 100.0 Why,
8828.0 12852.0 180.0 80.0 no;
9156.0 12848.0 200.0 80.0 you
9488.0 12828.0 516.0 104.0 certainly

7700.0 12964.0 268.0 88.0 have
8044.0 12964.0 180.0 88.0 the
8304.0 12964.0 596.0 104.0 advantage
8984.0 12964.0 108.0 88.0 of
9172.0 12984.0 120.0 68.0 us
9372.0 12964.0 332.0 88.0 there,
9784.0 12964.0 192.0 88.0 doc-

7700.0 13104.0 192.0 84.0 tor.
9192.0 13280.0 12.0 24.0 .

8476.0 13396.0 368.0 104.0 Safety
8928.0 13396.0 308.0 84.0 First.

7824.0 13528.0 252.0 88.0 Mrs.
8144.0 13528.0 388.0 88.0 Newed
8676.0 13528.0 236.0 88.0 Will
8980.0 13548.0 204.0 80.0 you
9252.0 13528.0 272.0 84.0 have
9588.0 13548.0 64.0 64.0 a
9716.0 13528.0 296.0 100.0 piece

7700.0 13668.0 112.0 80.0 of
7876.0 13664.0 216.0 88.0 this
8160.0 13664.0 308.0 100.0 angel
8540.0 13664.0 292.0 100.0 cake,
8904.0 13664.0 480.0 100.0 darling?

7824.0 13800.0 388.0 88.0 Newed
8280.0 13800.0 692.0 100.0 (cautiously)
9120.0 13800.0 304.0 100.0 Well,
9476.0 13800.0 280.0 100.0 dear,
9812.0 13820.0 196.0 84.0 you

7828.0 13960.0 112.0 60.0 er
8072.0 13940.0 308.0 84.0 know
8436.0 13936.0 36.0 88.0 I
8528.0 13936.0 284.0 88.0 don't
8868.0 13956.0 240.0 64.0 care
9148.0 13936.0 312.0 84.0 much
9516.0 13936.0 164.0 84.0 for
9720.0 13940.0 288.0 88.0 cake.

7704.0 14072.0 196.0 88.0 Did
7968.0 14092.0 200.0 84.0 you
8240.0 14072.0 308.0 84.0 make
8620.0 14072.0 144.0 84.0 it?

7828.0 14208.0 252.0 88.0 Mrs.
8184.0 14208.0 392.0 84.0 Newed
8712.0 14208.0 204.0 104.0 No;
9036.0 14228.0 456.0 68.0 mamma
9596.0 14216.0 236.0 80.0 sent
9932.0 14208.0 76.0 88.0 It

7700.0 14364.0 280.0 68.0 over.

7832.0 14480.0 384.0 84.0 Newed
8356.0 14480.0 256.0 88.0 Give
8676.0 14500.0 168.0 64.0 me
8904.0 14484.0 208.0 84.0 two
9176.0 14480.0 384.0 100.0 pieces,
9624.0 14480.0 384.0 104.0 please.

8436.0 14756.0 276.0 84.0 Mind
8792.0 14756.0 488.0 104.0 Reading.

7836.0 14888.0 212.0 84.0 "Do
8152.0 14908.0 196.0 80.0 you
8448.0 14888.0 308.0 84.0 think
8856.0 14884.0 300.0 88.0 there
9256.0 14892.0 88.0 80.0 is
9444.0 14908.0 200.0 80.0 any
9748.0 14892.0 256.0 84.0 such

7708.0 15024.0 304.0 100.0 thing
8120.0 15044.0 120.0 64.0 as
8348.0 15020.0 284.0 88.0 mind
8744.0 15024.0 536.0 100.0 reading?'
9392.0 15024.0 324.0 84.0 asked
9828.0 15024.0 180.0 88.0 the

7708.0 15160.0 472.0 88.0 eminent
8252.0 15156.0 540.0 100.0 diplomat.

7840.0 15296.0 252.0 104.0 "Oh,
8204.0 15296.0 276.0 100.0 yes,"
8596.0 15292.0 396.0 104.0 replied
9112.0 15296.0 260.0 84.0 Miss
9484.0 15296.0 524.0 104.0 Cayenne.

7708.0 15432.0 156.0 88.0 "If
7928.0 15440.0 36.0 84.0 I
8028.0 15452.0 200.0 80.0 pay
8292.0 15452.0 256.0 80.0 very
8612.0 15432.0 288.0 84.0 close
8964.0 15436.0 528.0 84.0 attention
9556.0 15440.0 108.0 80.0 to
9728.0 15436.0 280.0 88.0 what

7708.0 15592.0 204.0 76.0 you
8012.0 15588.0 188.0 80.0 say
8296.0 15588.0 60.0 60.0 a
8436.0 15568.0 60.0 84.0 d
8604.0 15568.0 436.0 100.0 analyze
9140.0 15568.0 80.0 88.0 it
9324.0 15572.0 544.0 100.0 carefully,
9968.0 15572.0 32.0 88.0 1

7712.0 15708.0 292.0 84.0 often
8088.0 15708.0 308.0 96.0 fancy
8476.0 15704.0 32.0 84.0 I
8592.0 15708.0 172.0 92.0 get
8844.0 15724.0 60.0 64.0 a
8980.0 15704.0 484.0 100.0 glimmer
9544.0 15708.0 112.0 84.0 of
9728.0 15708.0 280.0 88.0 what

7712.0 15864.0 196.0 80.0 you
7968.0 15864.0 180.0 60.0 are
8192.0 15836.0 512.0 104.0 .thinking
8772.0 15836.0 408.0 88.0 about."

8600.0 16120.0 532.0 84.0 WHICH?

8256.0 17496.0 40.0 48.0 '
8480.0 17216.0 72.0 56.0 '

7852.0 19680.0 260.0 80.0 Miss
8176.0 19676.0 392.0 84.0 Kittlsh
8712.0 19680.0 200.0 84.0 Oh!
8988.0 19680.0 280.0 88.0 dear.
9412.0 19684.0 172.0 84.0 It's
9644.0 19708.0 64.0 60.0 a
9764.0 19688.0 224.0 96.0 posi-

7728.0 19816.0 216.0 84.0 tive
8028.0 19812.0 500.0 88.0 affliction
8616.0 19820.0 108.0 76.0 to
8808.0 19816.0 124.0 84.0 be
9020.0 19836.0 116.0 64.0 as
9224.0 19820.0 192.0 96.0 shy
9500.0 19844.0 116.0 60.0 as
9704.0 19824.0 32.0 80.0 I
9820.0 19844.0 192.0 60.0 am.

7728.0 19952.0 36.0 84.0 I
7836.0 19952.0 392.0 96.0 always
8300.0 19972.0 184.0 60.0 run
8556.0 19960.0 108.0 76.0 at
8732.0 19952.0 176.0 84.0 the
8976.0 19952.0 284.0 100.0 sight
9324.0 19956.0 108.0 84.0 of
9496.0 19980.0 60.0 60.0 a
9624.0 19980.0 268.0 64.0 man.

7856.0 20088.0 260.0 84.0 Miss
8220.0 20088.0 332.0 100.0 Sharp
8696.0 20088.0 300.0 84.0 From
9096.0 20092.0 212.0 84.0 him
9408.0 20116.0 116.0 60.0 or
9624.0 20100.0 384.0 80.0 toward

7724.0 20224.0 280.0 84.0 him?

8108.0 20536.0 616.0 80.0 Occasional
8812.0 20536.0 196.0 84.0 and
9104.0 20536.0 520.0 88.0 Habitual.

7728.0 20672.0 160.0 76.0 We
7972.0 20676.0 280.0 72.0 make
8332.0 20680.0 504.0 72.0 mistakes:
8924.0 20680.0 144.0 68.0 for
9156.0 20680.0 236.0 76.0 Fate
9476.0 20684.0 184.0 72.0 will
9744.0 20692.0 260.0 72.0 mock

7804.0 20784.0 196.0 72.0 The
8064.0 20784.0 292.0 84.0 hopes
8420.0 20788.0 300.0 68.0 which
8788.0 20788.0 324.0 80.0 fondly
9172.0 20808.0 164.0 52.0 are
9396.0 20800.0 432.0 76.0 arrayed.

7720.0 20892.0 184.0 68.0 But
7968.0 20892.0 216.0 80.0 why
8252.0 20896.0 232.0 80.0 keep
8544.0 20892.0 144.0 72.0 old
8756.0 20896.0 460.0 72.0 mistakes
9280.0 20900.0 88.0 68.0 fn
9428.0 20904.0 264.0 68.0 stork

7804.0 21000.0 208.0 68.0 And
8084.0 21000.0 272.0 80.0 bring
8416.0 21000.0 252.0 68.0 Ihem
8740.0 21000.0 444.0 84.0 forward,
9252.0 21008.0 680.0 84.0 ready-made?

8300.0 21288.0 476.0 84.0 Couldn't
8868.0 21288.0 232.0 84.0 Fool
9196.0 21296.0 236.0 80.0 Her.

7844.0 21424.0 536.0 92.0 Landlady
8580.0 21420.0 268.0 84.0 That
8988.0 21444.0 224.0 60.0 new
9356.0 21428.0 444.0 92.0 boarder
9932.0 21440.0 76.0 84.0 It

7724.0 21564.0 336.0 80.0 either
8148.0 21580.0 60.0 60.0 a
8296.0 21556.0 444.0 80.0 married
8832.0 21576.0 236.0 64.0 man
9160.0 21584.0 112.0 56.0 or
9360.0 21584.0 52.0 60.0 a
9500.0 21568.0 504.0 88.0 widower.

7844.0 21696.0 360.0 96.0 Pretty
8276.0 21692.0 540.0 96.0 Daughter
8952.0 21696.0 292.0 96.0 Why,
9312.0 21720.0 196.0 72.0 ma,
9580.0 21704.0 124.0 84.0 he
9772.0 21732.0 232.0 76.0 says

7720.0 21836.0 128.0 80.0 he
7916.0 21832.0 88.0 84.0 Is
8072.0 21852.0 60.0 60.0 a
8200.0 21828.0 516.0 80.0 bachelor.

7848.0 21964.0 536.0 96.0 Landlady
8520.0 21960.0 296.0 88.0 Well.
8912.0 21964.0 28.0 84.0 I
9040.0 21964.0 284.0 92.0 don't
9416.0 21972.0 400.0 92.0 believe
9912.0 21984.0 76.0 84.0 It

7720.0 22104.0 332.0 84.0 When
8116.0 22100.0 128.0 84.0 he
8308.0 22120.0 324.0 76.0 opens
8700.0 22096.0 164.0 84.0 his
8932.0 22104.0 648.0 96.0 pocketbook
9648.0 22124.0 104.0 76.0 to
9820.0 22140.0 184.0 80.0 pav

7720.0 22240.0 164.0 84.0 his
7952.0 22236.0 312.0 84.0 board
8332.0 22236.0 128.0 80.0 be
8528.0 22232.0 396.0 100.0 always
8988.0 22244.0 300.0 84.0 turns
9356.0 22244.0 164.0 88.0 his
9588.0 22248.0 256.0 92.0 back
9912.0 22264.0 88.0 80.0 U

7716.0 22396.0 196.0 68.0 me.

10128.0 1212.0 168.0 200.0 If
10424.0 1268.0 456.0 196.0 you
11024.0 1216.0 768.0 204.0 Suffer
11924.0 1212.0 600.0 204.0 from
12688.0 1212.0 1360.0 244.0 Backache,
14184.0 1212.0 564.0 200.0 Lum-

10396.0 1544.0 708.0 248.0 bago,
11244.0 1544.0 1032.0 256.0 Kidneys
12432.0 1600.0 264.0 148.0 or
12852.0 1548.0 1720.0 240.0 Rheumatism,

10592.0 1872.0 648.0 208.0 Take
11356.0 1876.0 460.0 204.0 Hot
11912.0 1876.0 772.0 204.0 V7ater
12780.0 1876.0 468.0 208.0 and
13364.0 1872.0 1484.0 204.0 "AIMURIC"

10224.0 2204.0 504.0 88.0 American
10808.0 2236.0 212.0 56.0 men
11104.0 2204.0 180.0 88.0 and
11364.0 2236.0 360.0 56.0 women
11808.0 2220.0 252.0 72.0 must
12140.0 2204.0 288.0 108.0 guard
12536.0 2212.0 252.0 92.0 tism,
12872.0 2224.0 256.0 92.0 gout,
13212.0 2208.0 344.0 108.0 gravel,
13640.0 2204.0 480.0 108.0 neuralgia
14200.0 2204.0 184.0 88.0 and
14468.0 2208.0 324.0 88.0 sciatic

10116.0 2320.0 536.0 100.0 constantly
10784.0 2320.0 368.0 100.0 against
11280.0 2316.0 344.0 104.0 kidney
11756.0 2320.0 400.0 100.0 trouble,
12284.0 2316.0 148.0 84.0 be-
12532.0 2324.0 324.0 84.0 result.
12984.0 2328.0 96.0 80.0 It
13144.0 2352.0 192.0 56.0 was
13408.0 2324.0 160.0 84.0 Dr.
13644.0 2324.0 316.0 84.0 Pierce
14028.0 2324.0 212.0 80.0 who
14308.0 2324.0 548.0 88.0 discovered

10120.0 2452.0 272.0 56.0 cause
10472.0 2456.0 136.0 56.0 we
10684.0 2440.0 152.0 72.0 eat
10916.0 2440.0 156.0 72.0 too
11152.0 2428.0 272.0 84.0 much
11504.0 2428.0 184.0 84.0 and
11772.0 2428.0 116.0 84.0 all
11968.0 2456.0 172.0 56.0 our
12216.0 2428.0 212.0 84.0 food
12532.0 2468.0 52.0 52.0 a
12656.0 2468.0 204.0 56.0 new
12928.0 2452.0 312.0 92.0 agent,
13316.0 2440.0 296.0 84.0 called
13684.0 2440.0 520.0 96.0 "Anuric,"
14276.0 2440.0 308.0 84.0 which
14660.0 2436.0 192.0 92.0 will

10124.0 2540.0 72.0 76.0 ;b
10284.0 2536.0 232.0 84.0 rich.
10656.0 2540.0 196.0 80.0 Our
10940.0 2536.0 276.0 84.0 blood
11308.0 2540.0 76.0 80.0 is
11508.0 2536.0 248.0 88.0 filled
11880.0 2540.0 228.0 80.0 with
12236.0 2540.0 196.0 80.0 uric
12540.0 2556.0 304.0 84.0 throw
12940.0 2572.0 168.0 68.0 out
13200.0 2556.0 188.0 84.0 and
13484.0 2552.0 472.0 88.0 eradicate
14056.0 2556.0 192.0 84.0 this
14344.0 2584.0 200.0 56.0 uric
14644.0 2552.0 208.0 88.0 acid

10120.0 2644.0 204.0 84.0 acid
10424.0 2644.0 308.0 88.0 which
10836.0 2648.0 160.0 84.0 the
11100.0 2644.0 392.0 104.0 kidneys
11592.0 2652.0 292.0 76.0 strive
11984.0 2660.0 96.0 68.0 to
12184.0 2648.0 248.0 80.0 filter
12540.0 2672.0 240.0 84.0 from
12880.0 2672.0 164.0 84.0 the
13148.0 2684.0 380.0 76.0 system.
13688.0 2672.0 164.0 84.0 Dr.
13988.0 2672.0 320.0 84.0 Pierce
14444.0 2672.0 456.0 84.0 believes-

10120.0 2764.0 192.0 92.0 out,
10436.0 2752.0 220.0 104.0 they
10776.0 2756.0 384.0 84.0 weaken
11284.0 2756.0 240.0 84.0 from
11644.0 2752.0 516.0 96.0 overwork,
12288.0 2756.0 144.0 80.0 be-
12600.0 2788.0 428.0 88.0 Anoric-.
13132.0 2800.0 100.0 72.0 to
13340.0 2788.0 112.0 88.0 be
13560.0 2796.0 100.0 84.0 37
13768.0 2792.0 280.0 84.0 times
14152.0 2816.0 252.0 56.0 more
14512.0 2800.0 344.0 92.0 potent

10120.0 2892.0 256.0 56.0 come
10520.0 2864.0 444.0 104.0 sluggish;
11104.0 2864.0 164.0 84.0 the
11392.0 2864.0 576.0 84.0 chmmative
12096.0 2880.0 336.0 68.0 tissues
12536.0 2904.0 232.0 84.0 than
12872.0 2912.0 68.0 80.0 ,-,
13200.0 2904.0 184.0 84.0 ttnd
13452.0 2904.0 672.0 104.0 consequently
14188.0 2932.0 176.0 60.0 vou
14428.0 2904.0 236.0 84.0 need
14728.0 2932.0 128.0 56.0 no

10124.0 2972.0 196.0 100.0 clog
10424.0 2972.0 188.0 84.0 and
10716.0 2976.0 164.0 80.0 the
10984.0 2976.0 292.0 80.0 result
11392.0 3004.0 76.0 52.0 is
11576.0 2972.0 340.0 104.0 kidney
12024.0 2972.0 404.0 96.0 trouble.
12532.0 3024.0 24.0 84.0 ,
12924.0 3028.0 36.0 80.0 f
13192.0 3028.0 468.0 84.0 muscular
13728.0 3056.0 104.0 56.0 or
13904.0 2996.0 452.0 116.0 articular
14424.0 3028.0 428.0 80.0 rheums,

10132.0 3092.0 132.0 68.0 hln
10284.0 3096.0 228.0 68.0 otter
10608.0 3092.0 480.0 76.0 weakness
11176.0 3104.0 192.0 60.0 ana
11460.0 3112.0 56.0 56.0 a
11604.0 3092.0 372.0 88.0 general
12072.0 3092.0 360.0 76.0 decline
12544.0 3152.0 12.0 12.0 .
13156.0 3152.0 12.0 16.0 ,
13836.0 3156.0 8.0 8.0 .
13872.0 3144.0 20.0 36.0 ,
14636.0 3144.0 20.0 24.0 ,
14792.0 3144.0 24.0 20.0 .

10128.0 3192.0 84.0 80.0 in
10288.0 3188.0 312.0 88.0 health
12536.0 3152.0 220.0 76.0 tism
12812.0 3172.0 104.0 52.0 or
12964.0 3152.0 252.0 96.0 pout,
13272.0 3172.0 108.0 56.0 or
13428.0 3172.0 280.0 72.0 many
13760.0 3152.0 280.0 76.0 other
14088.0 3152.0 404.0 72.0 diseases
14540.0 3152.0 312.0 76.0 which

10232.0 3300.0 308.0 84.0 When
10620.0 3260.0 236.0 128.0 'your
10936.0 3304.0 400.0 92.0 kidrw-rs
11416.0 3304.0 172.0 88.0 feel
11676.0 3304.0 184.0 84.0 like
11940.0 3300.0 312.0 108.0 lumps
12336.0 3300.0 96.0 88.0 of
12532.0 3288.0 160.0 60.0 are
12756.0 3260.0 536.0 108.0 dependent
13356.0 3292.0 124.0 60.0 on
13544.0 3292.0 120.0 56.0 an
13728.0 3260.0 696.0 88.0 accumulation
14488.0 3260.0 104.0 84.0 of
14652.0 3260.0 204.0 84.0 uris

10128.0 3408.0 236.0 96.0 lead,
10440.0 3412.0 268.0 84.0 when
10784.0 3444.0 232.0 56.0 your
11092.0 3416.0 232.0 84.0 back
11404.0 3416.0 272.0 84.0 hurts
11748.0 3444.0 104.0 56.0 or
11928.0 3416.0 164.0 84.0 the
12164.0 3416.0 264.0 80.0 urine
12536.0 3408.0 172.0 88.0 ?CK
12780.0 3492.0 20.0 32.0 ,
12828.0 3380.0 336.0 124.0 Vh"l
13248.0 3380.0 164.0 144.0 th,e
13520.0 3376.0 148.0 84.0 10,,
13908.0 3376.0 248.0 84.0 &c"d
14212.0 3376.0 196.0 148.0 -Pr'

10128.0 3524.0 72.0 84.0 is
10292.0 3520.0 364.0 100.0 cloudy,
10756.0 3524.0 164.0 84.0 full
11016.0 3528.0 100.0 80.0 of
11208.0 3524.0 492.0 96.0 sediment,
11800.0 3552.0 104.0 56.0 or
12000.0 3552.0 176.0 60.0 vou
12272.0 3552.0 156.0 56.0 arc
12540.0 3492.0 416.0 84.0 Invalids
13080.0 3492.0 320.0 96.0 Hotel,
13496.0 3488.0 404.0 104.0 Buffalo,
14044.0 3524.0 24.0 44.0 s
14100.0 3556.0 16.0 16.0 .
14316.0 3556.0 52.0 32.0 .,
14464.0 3492.0 148.0 80.0 10c
14704.0 3488.0 152.0 84.0 for

10124.0 3632.0 364.0 100.0 obliged
10564.0 3644.0 96.0 72.0 to
10736.0 3636.0 212.0 80.0 seek
11024.0 3636.0 268.0 84.0 relief
11372.0 3652.0 180.0 68.0 two
11632.0 3664.0 104.0 52.0 or
11808.0 3636.0 268.0 84.0 three
12156.0 3636.0 272.0 84.0 times
12536.0 3608.0 216.0 148.0 J1
12820.0 3608.0 408.0 104.0 package
13328.0 3636.0 108.0 56.0 or
13500.0 3608.0 236.0 100.0 $1.00
13804.0 3608.0 152.0 84.0 for
14056.0 3604.0 164.0 88.0 full
14328.0 3612.0 532.0 80.0 treatment

10128.0 3740.0 332.0 104.0 during
10548.0 3744.0 160.0 84.0 the
10796.0 3744.0 304.0 104.0 night,
11192.0 3744.0 264.0 84.0 when
11552.0 3772.0 176.0 76.0 you
11820.0 3744.0 292.0 84.0 sutTer
12196.0 3744.0 232.0 84.0 with
12536.0 3724.0 516.0 80.0 "Anuric."

10124.0 3852.0 192.0 84.0 sick
10404.0 3852.0 472.0 84.0 headache
10960.0 3880.0 108.0 56.0 or
11188.0 3852.0 288.0 104.0 dizzy,
11600.0 3880.0 400.0 56.0 nervous
12124.0 3880.0 100.0 76.0 sp
12236.0 3852.0 160.0 80.0 ch
12412.0 3824.0 76.0 116.0 A
12644.0 3832.0 164.0 84.0 I.
12896.0 3836.0 400.0 80.0 Pierce's
13376.0 3832.0 548.0 104.0 reputation
14008.0 3832.0 76.0 84.0 is
14160.0 3828.0 240.0 88.0 back
14480.0 3832.0 100.0 84.0 of
14660.0 3828.0 240.0 88.0 thie-

10124.0 3960.0 204.0 88.0 acid
10432.0 3964.0 452.0 96.0 stomach,
10988.0 3988.0 108.0 68.0 or
11192.0 3992.0 180.0 72.0 you
11476.0 3960.0 236.0 84.0 have
11816.0 3964.0 616.0 80.0 rheumatism
12540.0 3948.0 456.0 84.0 medicine
13076.0 3944.0 180.0 88.0 and
13340.0 3976.0 180.0 72.0 you
13600.0 3948.0 280.0 80.0 know
13960.0 3948.0 216.0 80.0 that
14260.0 3948.0 148.0 80.0 his
14520.0 3944.0 336.0 84.0 'Plea-

10120.0 4072.0 272.0 84.0 wlien
10472.0 4072.0 164.0 84.0 the
10708.0 4080.0 420.0 72.0 weather
11204.0 4072.0 76.0 84.0 is
11356.0 4068.0 216.0 92.0 bad.
11652.0 4080.0 152.0 88.0 pret
11884.0 4072.0 236.0 80.0 from
12196.0 4096.0 236.0 76.0 your
12540.0 4072.0 168.0 68.0 ant
12796.0 4060.0 416.0 80.0 Pellets"
13308.0 4060.0 144.0 84.0 for
13540.0 4060.0 160.0 84.0 the
13792.0 4060.0 236.0 84.0 liver
14112.0 4056.0 180.0 84.0 and
14388.0 4056.0 144.0 84.0 his
14624.0 4056.0 236.0 84.0 "Fa-

10120.0 4184.0 420.0 104.0 drujrgist
10652.0 4180.0 668.0 84.0 "ANURIC."
11460.0 4180.0 408.0 84.0 Because
12004.0 4180.0 96.0 84.0 of
12232.0 4180.0 196.0 84.0 uric
12540.0 4172.0 304.0 84.0 vorite
12920.0 4172.0 736.0 100.0 Prescription,"
13736.0 4172.0 148.0 80.0 for
13952.0 4172.0 164.0 84.0 the
14192.0 4172.0 140.0 84.0 ills
14408.0 4168.0 100.0 84.0 of
14576.0 4196.0 284.0 56.0 worn-

10116.0 4296.0 200.0 84.0 Rcid
10440.0 4296.0 92.0 84.0 in
10656.0 4288.0 776.0 88.0 overabundance
11552.0 4288.0 88.0 84.0 in
11768.0 4288.0 160.0 84.0 the
12048.0 4300.0 380.0 88.0 system,
12536.0 4308.0 116.0 56.0 en
12720.0 4280.0 232.0 88.0 have
13016.0 4280.0 180.0 84.0 had
13260.0 4312.0 52.0 52.0 a
13376.0 4280.0 428.0 100.0 splendid
13868.0 4284.0 544.0 100.0 reputation
14480.0 4280.0 148.0 84.0 for
14688.0 4276.0 220.0 88.0 the-

10116.0 4404.0 504.0 104.0 backache,
10700.0 4404.0 272.0 104.0 pains
11056.0 4400.0 216.0 84.0 here
11352.0 4396.0 184.0 88.0 and
11620.0 4396.0 300.0 104.0 there,
12008.0 4400.0 420.0 84.0 rheurna-
12540.0 4408.0 216.0 88.0 past
12808.0 4400.0 104.0 80.0 50
12964.0 4424.0 296.0 76.0 years.
13372.0 4392.0 212.0 88.0 Adv

10164.0 4976.0 64.0 92.0 I
10344.0 4972.0 72.0 96.0 f
11580.0 4964.0 552.0 84.0 "Wormy."
12228.0 4960.0 312.0 76.0 that's
12628.0 4956.0 360.0 72.0 what's
13076.0 4956.0 172.0 72.0 the
13336.0 4960.0 376.0 68.0 matter
13804.0 4952.0 104.0 72.0 of
13996.0 4952.0 208.0 72.0 'em.
14360.0 4944.0 480.0 80.0 Stomach
14876.0 4972.0 12.0 8.0 -

10204.0 5048.0 164.0 112.0 Of
10484.0 5028.0 40.0 112.0 I
10832.0 5080.0 44.0 68.0 i
11068.0 5044.0 84.0 88.0 0
11460.0 5064.0 192.0 72.0 and
11720.0 5060.0 528.0 72.0 intestinal
12320.0 5068.0 396.0 56.0 worms.
12844.0 5052.0 372.0 84.0 Nearly
13280.0 5068.0 112.0 52.0 as
13460.0 5052.0 192.0 68.0 bad
13712.0 5064.0 112.0 56.0 as
13888.0 5048.0 584.0 80.0 distemper.
14596.0 5044.0 256.0 72.0 Cost

10144.0 5132.0 248.0 124.0 IaI?
10484.0 5132.0 408.0 124.0 i?3
10972.0 5160.0 260.0 96.0 511
11464.0 5176.0 192.0 68.0 yu
11748.0 5164.0 100.0 64.0 to
11996.0 5152.0 292.0 72.0 much
12376.0 5156.0 100.0 64.0 to
12560.0 5148.0 228.0 72.0 feed
12872.0 5148.0 204.0 64.0 "em.
13224.0 5144.0 276.0 72.0 Look
13588.0 5144.0 184.0 68.0 bad
13912.0 5160.0 172.0 52.0 are
14172.0 5140.0 216.0 72.0 bad.
14536.0 5136.0 308.0 72.0 Don't

10148.0 5268.0 40.0 80.0 I
10232.0 5300.0 64.0 48.0 j
10456.0 5240.0 364.0 108.0 J96wa
11016.0 5252.0 216.0 96.0 131
11464.0 5252.0 356.0 88.0 physic
11884.0 5252.0 176.0 68.0 'em
12136.0 5256.0 104.0 60.0 to
12304.0 5244.0 332.0 72.0 death.
12772.0 5244.0 420.0 80.0 Spohn'i
13256.0 5240.0 588.0 80.0 Compound
13912.0 5236.0 208.0 68.0 will
14192.0 5248.0 404.0 56.0 remove
14668.0 5236.0 184.0 64.0 ths

10164.0 5344.0 164.0 96.0 y.
11048.0 5348.0 92.0 84.0 o
11468.0 5364.0 388.0 60.0 worms.
11940.0 5344.0 452.0 80.0 Improve
12468.0 5336.0 168.0 68.0 the
12708.0 5332.0 480.0 84.0 appetite,
13260.0 5332.0 196.0 72.0 and
13532.0 5336.0 232.0 64.0 tone
13840.0 5328.0 180.0 68.0 'em
14096.0 5344.0 128.0 64.0 up
14296.0 5324.0 136.0 76.0 all
14512.0 5316.0 332.0 80.0 round

10500.0 5404.0 568.0 128.0 TyfySO
11460.0 5440.0 196.0 72.0 end
11760.0 5436.0 292.0 72.0 don't
12132.0 5420.0 588.0 96.0 "physic.""'
12796.0 5432.0 240.0 64.0 Acts
13132.0 5444.0 124.0 52.0 on
13360.0 5424.0 368.0 84.0 glands
13824.0 5420.0 196.0 72.0 and
14120.0 5420.0 320.0 68.0 blood.
14608.0 5412.0 236.0 76.0 Full

10376.0 5524.0 692.0 128.0 Meh'o'
11464.0 5532.0 552.0 76.0 directions
12084.0 5528.0 248.0 72.0 with
12400.0 5524.0 248.0 72.0 each
12712.0 5520.0 352.0 80.0 bottle,
13132.0 5520.0 200.0 72.0 and
13400.0 5516.0 220.0 72.0 sold
13692.0 5516.0 128.0 84.0 by
13884.0 5516.0 140.0 68.0 all
14092.0 5512.0 564.0 84.0 druggists.

10412.0 5612.0 276.0 100.0 Sft
11464.0 5660.0 412.0 72.0 SPOHN
11960.0 5652.0 580.0 76.0 MEDICAI,
12616.0 5648.0 220.0 84.0 CO.,
12916.0 5648.0 540.0 80.0 Chemists,
13532.0 5644.0 440.0 80.0 Goshen,
14048.0 5640.0 220.0 68.0 Ind.
14372.0 5636.0 112.0 72.0 V.
14560.0 5636.0 88.0 68.0 S.
14724.0 5636.0 128.0 72.0 A.

10240.0 5884.0 308.0 88.0 Don't
10596.0 5888.0 320.0 80.0 eount
10968.0 5904.0 256.0 80.0 your
11276.0 5880.0 420.0 100.0 soultry
11748.0 5876.0 360.0 88.0 before
12164.0 5876.0 252.0 96.0 they

10112.0 6032.0 176.0 96.0 get
10356.0 6024.0 180.0 104.0 big
10604.0 6020.0 416.0 104.0 enough
11088.0 6024.0 108.0 84.0 to
11272.0 6024.0 172.0 96.0 get
11516.0 6036.0 300.0 84.0 away
11892.0 6016.0 268.0 84.0 from
12236.0 6012.0 180.0 88.0 the

10112.0 6172.0 200.0 88.0 cat.

10112.0 6456.0 300.0 76.0 FITS,
10492.0 6448.0 624.0 80.0 F.rir.FPSY,
11212.0 6444.0 544.0 68.0 FAI.T-TNG
11852.0 6444.0 572.0 72.0 SIOKNFSS

10112.0 6532.0 420.0 84.0 Stopped
10588.0 6528.0 440.0 68.0 Oulcklv.
11116.0 6528.0 220.0 72.0 Filly
11384.0 6540.0 236.0 60.0 years
11664.0 6524.0 92.0 64.0 of
11796.0 6528.0 624.0 72.0 uninterrupted

10112.0 6628.0 324.0 52.0 success
10492.0 6608.0 92.0 64.0 of
10640.0 6612.0 128.0 60.0 Jr.
10828.0 6604.0 320.0 64.0 Kline's
11208.0 6604.0 384.0 76.0 Epilepsy
11652.0 6600.0 404.0 64.0 Medicine
12100.0 6604.0 320.0 60.0 Insures

10116.0 6692.0 304.0 64.0 lastinir
10452.0 6688.0 316.0 60.0 results.
10852.0 6680.0 312.0 64.0 I.AitaB
11192.0 6680.0 288.0 60.0 Trial
11512.0 6680.0 344.0 60.0 bottle
11892.0 6676.0 260.0 60.0 Free.
12228.0 6676.0 196.0 64.0 1k.

10116.0 6764.0 392.0 72.0 H.L1JSK
10560.0 6756.0 620.0 80.0 COMPANY,
11232.0 6752.0 212.0 72.0 Ked
11488.0 6756.0 324.0 72.0 ltmik,
11868.0 6752.0 116.0 68.0 N.
12036.0 6752.0 384.0 68.0 J.-AdT.

11036.0 6988.0 136.0 84.0 Its
11240.0 6988.0 272.0 80.0 Sort.

10236.0 7132.0 304.0 96.0 "Yes,
10604.0 7128.0 44.0 84.0 I
10720.0 7124.0 464.0 100.0 actually
11256.0 7120.0 456.0 88.0 bearded
11784.0 7116.0 180.0 88.0 the
12036.0 7116.0 212.0 84.0 lion
12320.0 7112.0 100.0 84.0 in

10116.0 7272.0 160.0 84.0 his
10352.0 7264.0 296.0 92.0 den."

10240.0 7408.0 372.0 84.0 "Close
10664.0 7404.0 356.0 96.0 shave,
11072.0 7400.0 380.0 84.0 wasn't
11500.0 7396.0 208.0 88.0 it?"

10452.0 7692.0 240.0 76.0 USB
10772.0 7692.0 528.0 72.0 ALLEN'S
11376.0 7684.0 700.0 80.0 FOOT-BASE

10120.0 7788.0 196.0 72.0 The
10384.0 7788.0 516.0 88.0 antiseptic
10972.0 7788.0 384.0 84.0 powder
11428.0 7792.0 92.0 64.0 to
11592.0 7784.0 112.0 72.0 be
11776.0 7784.0 368.0 68.0 shaken
12216.0 7776.0 200.0 72.0 into

10120.0 7884.0 276.0 72.0 shoes
10472.0 7884.0 184.0 68.0 and
10732.0 7880.0 232.0 72.0 used
11040.0 7880.0 96.0 72.0 In
11216.0 7876.0 512.0 76.0 foot-bath.
11856.0 7872.0 84.0 72.0 It
12020.0 7868.0 400.0 76.0 relieves

10124.0 7976.0 392.0 84.0 painiul,
10608.0 7976.0 416.0 84.0 swollen,
11116.0 7972.0 504.0 80.0 smarting,
11708.0 7968.0 376.0 80.0 aching,
12180.0 7964.0 240.0 72.0 tired

10124.0 8072.0 188.0 72.0 feet
10380.0 8072.0 188.0 72.0 and
10640.0 8068.0 472.0 84.0 instantly
11184.0 8068.0 276.0 72.0 takes
11532.0 8064.0 160.0 72.0 the
11764.0 8060.0 256.0 84.0 sting
12088.0 8064.0 164.0 68.0 out
12320.0 8056.0 104.0 72.0 of

10124.0 8180.0 268.0 56.0 corns
10460.0 8164.0 188.0 68.0 and
10712.0 8164.0 428.0 68.0 bunions.
11256.0 8160.0 196.0 68.0 The
11516.0 8160.0 432.0 80.0 greatest
12008.0 8148.0 416.0 72.0 comfort

10124.0 8256.0 492.0 84.0 discovery
10664.0 8256.0 104.0 72.0 of
10816.0 8256.0 160.0 72.0 the
11028.0 8272.0 200.0 64.0 age.
11292.0 8252.0 216.0 72.0 Sold
11556.0 8248.0 640.0 84.0 everywhere,
12252.0 8244.0 164.0 68.0 25c.

10124.0 8348.0 252.0 72.0 Trial
10460.0 8348.0 432.0 84.0 package
10972.0 8348.0 372.0 68.0 FREE.
11476.0 8344.0 424.0 68.0 Address
11972.0 8336.0 280.0 76.0 Allen
12332.0 8332.0 84.0 76.0 S.

10124.0 8440.0 452.0 92.0 Olmsted,
10656.0 8440.0 128.0 76.0 Ixi
10856.0 8440.0 236.0 88.0 Roy,
11168.0 8440.0 116.0 76.0 N.
11360.0 8436.0 108.0 76.0 T.
11584.0 8436.0 240.0 72.0 Adv.

11036.0 8676.0 488.0 104.0 Diligent.

10244.0 8812.0 104.0 88.0 "I
10408.0 8812.0 272.0 100.0 hope
10740.0 8832.0 208.0 84.0 you
11004.0 8832.0 184.0 64.0 are
11248.0 8808.0 432.0 96.0 making
11740.0 8804.0 264.0 104.0 good
12068.0 8824.0 188.0 60.0 use
12320.0 8800.0 108.0 84.0 of

10128.0 8972.0 252.0 80.0 your
10480.0 8952.0 256.0 84.0 time
10836.0 8952.0 112.0 84.0 at
11044.0 8948.0 456.0 100.0 school,"
11608.0 8944.0 224.0 84.0 said
11936.0 8936.0 488.0 92.0 Bobbie's

10132.0 9092.0 328.0 84.0 uncle.

10244.0 9228.0 284.0 88.0 "You
10592.0 9228.0 180.0 84.0 bet
10832.0 9228.0 36.0 84.0 I
10928.0 9224.0 264.0 104.0 am,"
11248.0 9220.0 408.0 108.0 replied
11716.0 9220.0 180.0 88.0 the
11952.0 9220.0 232.0 100.0 boy.
12324.0 9216.0 100.0 84.0 "I

10132.0 9388.0 224.0 64.0 won
10424.0 9372.0 284.0 80.0 most
10772.0 9364.0 232.0 104.0 fifty
11076.0 9364.0 464.0 84.0 marbles
11612.0 9364.0 144.0 84.0 off
11824.0 9360.0 112.0 88.0 of
12004.0 9356.0 424.0 92.0 Jimmie

10128.0 9504.0 336.0 88.0 Smith
10572.0 9512.0 112.0 80.0 at
10792.0 9524.0 360.0 64.0 recess
11260.0 9496.0 408.0 104.0 today."

10860.0 9780.0 148.0 88.0 No
11092.0 9780.0 588.0 104.0 Objection.

10260.0 9920.0 320.0 88.0 "This
10692.0 9944.0 220.0 64.0 war
11028.0 9920.0 92.0 84.0 Is
11240.0 9920.0 432.0 100.0 making
11788.0 9912.0 632.0 104.0 everything

10132.0 10084.0 280.0 68.0 cnore
10508.0 10056.0 660.0 104.0 expensive,"
11276.0 10056.0 660.0 104.0 complained
12036.0 10052.0 380.0 88.0 father.

10156.0 10200.0 64.0 84.0 'I
10300.0 10220.0 180.0 64.0 see
10556.0 10200.0 132.0 100.0 by
10764.0 10200.0 180.0 84.0 the
11020.0 10216.0 324.0 80.0 paper
11416.0 10196.0 232.0 84.0 that
11724.0 10212.0 264.0 68.0 even
12064.0 10192.0 356.0 84.0 castor

10192.0 10336.0 72.0 88.0 II
10324.0 10340.0 88.0 80.0 is
10480.0 10336.0 312.0 104.0 going
10852.0 10332.0 228.0 104.0 up."

10248.0 10472.0 424.0 88.0 "That's
10756.0 10476.0 444.0 96.0 nothing
11276.0 10472.0 108.0 84.0 In
11464.0 10492.0 172.0 76.0 my
11712.0 10488.0 352.0 80.0 young
12140.0 10460.0 280.0 104.0 life,"

10132.0 10612.0 220.0 88.0 said
10424.0 10612.0 276.0 88.0 little
10768.0 10608.0 452.0 104.0 Johnny.
11352.0 10608.0 284.0 84.0 "The
11704.0 10604.0 244.0 100.0 only
12016.0 10604.0 256.0 88.0 time
12344.0 10600.0 80.0 84.0 it

10132.0 10752.0 424.0 84.0 worries
10628.0 10772.0 164.0 60.0 me
10864.0 10748.0 92.0 84.0 is
11024.0 10748.0 304.0 84.0 when
11400.0 10744.0 168.0 88.0 it's
11640.0 10744.0 316.0 104.0 going
12024.0 10736.0 396.0 92.0 down."

10976.0 11028.0 216.0 80.0 Too
11284.0 11028.0 304.0 100.0 Busy.

10256.0 11160.0 364.0 100.0 "John,
10696.0 11160.0 40.0 84.0 I
10808.0 11156.0 288.0 88.0 don't
11164.0 11160.0 408.0 84.0 believe
11644.0 11176.0 200.0 84.0 you
11916.0 11152.0 240.0 104.0 paid
12228.0 11176.0 200.0 80.0 aiiy

10132.0 11300.0 528.0 84.0 attention
10736.0 11296.0 540.0 88.0 whatever
11352.0 11300.0 108.0 80.0 to
11536.0 11296.0 180.0 84.0 the
11796.0 11316.0 420.0 64.0 sermon
12292.0 11300.0 112.0 80.0 to-

10132.0 11432.0 292.0 104.0 day."
10256.0 11576.0 328.0 84.0 "How
10652.0 11572.0 304.0 88.0 could
11024.0 11576.0 68.0 96.0 I,
11160.0 11596.0 172.0 76.0 my
11396.0 11568.0 320.0 88.0 dear?
11848.0 11572.0 40.0 84.0 I
11956.0 11592.0 216.0 64.0 was
12236.0 11576.0 168.0 96.0 try-

10136.0 11712.0 176.0 100.0 ing
10392.0 11716.0 108.0 80.0 to
10580.0 11712.0 328.0 100.0 figure
10988.0 11716.0 184.0 80.0 out
11248.0 11712.0 232.0 84.0 how
11564.0 11712.0 36.0 84.0 I
11680.0 11732.0 172.0 64.0 am
11936.0 11712.0 312.0 100.0 going
12324.0 11716.0 108.0 80.0 to

10136.0 11872.0 200.0 80.0 pay
10436.0 11852.0 160.0 84.0 for
10688.0 11852.0 180.0 80.0 the
10960.0 11852.0 384.0 80.0 Easter
11436.0 11848.0 240.0 84.0 hats
11772.0 11848.0 208.0 84.0 and
12072.0 11868.0 360.0 80.0 gowns

10132.0 12008.0 204.0 80.0 you
10400.0 11988.0 208.0 84.0 and
10672.0 11988.0 180.0 88.0 the
10920.0 11988.0 260.0 100.0 girls
11248.0 12008.0 184.0 64.0 are
11500.0 11984.0 556.0 104.0 wearing."

10572.0 12292.0 252.0 88.0 How
10900.0 12296.0 80.0 84.0 It
11056.0 12296.0 584.0 104.0 Impressed
11724.0 12292.0 268.0 88.0 Him.

10248.0 12428.0 444.0 88.0 Willie's
10744.0 12432.0 352.0 84.0 father
11144.0 12452.0 220.0 64.0 was
11412.0 12432.0 356.0 100.0 trying
11812.0 12436.0 108.0 80.0 to
11976.0 12432.0 448.0 100.0 Impress

10136.0 12592.0 272.0 80.0 upon
10516.0 12572.0 216.0 84.0 him
10844.0 12572.0 180.0 84.0 the
11132.0 12568.0 684.0 88.0 tremendous
11932.0 12584.0 492.0 84.0 progress

10132.0 12708.0 228.0 88.0 that
10424.0 12708.0 420.0 84.0 science
10908.0 12704.0 204.0 88.0 and
11180.0 12708.0 544.0 84.0 invention
11788.0 12708.0 272.0 84.0 have
12120.0 12700.0 308.0 88.0 made

10136.0 12844.0 96.0 88.0 in
10300.0 12848.0 180.0 80.0 the
10548.0 12852.0 240.0 96.0 past
10856.0 12844.0 232.0 100.0 fifty
11152.0 12864.0 340.0 80.0 years.

10252.0 12980.0 304.0 88.0 "Just
10612.0 12980.0 340.0 100.0 think,
11008.0 12980.0 444.0 100.0 Willie,"
11512.0 12980.0 132.0 84.0 he
11708.0 12980.0 256.0 88.0 said.
12028.0 12976.0 396.0 88.0 "When

10132.0 13120.0 36.0 84.0 I
10228.0 13140.0 216.0 64.0 was
10504.0 13140.0 64.0 64.0 a
10624.0 13116.0 200.0 104.0 boy
10880.0 13120.0 304.0 84.0 there
11240.0 13140.0 280.0 64.0 were
11580.0 13140.0 132.0 64.0 no
11772.0 13116.0 656.0 100.0 telephones,

10132.0 13280.0 124.0 60.0 no
10312.0 13256.0 436.0 88.0 electric
10796.0 13256.0 356.0 104.0 lWe,
11204.0 13276.0 136.0 64.0 no
11388.0 13256.0 412.0 100.0 talking
11844.0 13252.0 584.0 104.0 machines,

10136.0 13416.0 128.0 64.0 no
10376.0 13396.0 428.0 100.0 moving
10916.0 13396.0 500.0 100.0 pictures,
11532.0 13412.0 132.0 64.0 no
11772.0 13388.0 408.0 104.0 X-rays,
12296.0 13408.0 132.0 64.0 no

10140.0 13532.0 464.0 84.0 wireless
10680.0 13532.0 652.0 100.0 telegraphy,
11408.0 13552.0 132.0 60.0 no
11680.0 13528.0 48.0 36.0 "

10252.0 13664.0 364.0 104.0 "Gee,"
10684.0 13668.0 660.0 100.0 interrupted
11408.0 13668.0 380.0 84.0 Willie.
11852.0 13664.0 380.0 88.0 "What
12292.0 13684.0 136.0 68.0 an

10132.0 13804.0 320.0 88.0 awful
10556.0 13804.0 152.0 88.0 lot
10812.0 13804.0 112.0 84.0 of
11028.0 13804.0 304.0 88.0 hicks
11440.0 13804.0 600.0 100.0 everybody
12148.0 13804.0 284.0 84.0 must

10136.0 13940.0 260.0 88.0 bave
10476.0 13940.0 392.0 88.0 been!"

10684.0 14220.0 220.0 80.0 The
10968.0 14216.0 556.0 84.0 American
11592.0 14216.0 288.0 104.0 Way.

10260.0 14352.0 216.0 88.0 The
10544.0 14352.0 508.0 100.0 Stranger
11180.0 14356.0 272.0 100.0 Why
11512.0 14376.0 180.0 64.0 are
11756.0 14372.0 200.0 84.0 you
12016.0 14352.0 420.0 104.0 driving

10136.0 14492.0 172.0 84.0 the
10384.0 14512.0 176.0 64.0 car
10632.0 14512.0 116.0 64.0 so
10820.0 14488.0 284.0 88.0 fast?

10260.0 14628.0 224.0 84.0 The
10544.0 14628.0 560.0 84.0 American
11240.0 14628.0 152.0 84.0 To
11456.0 14632.0 176.0 96.0 get
11696.0 14632.0 108.0 80.0 to
11868.0 14628.0 180.0 88.0 the
12116.0 14628.0 316.0 100.0 ferry.

10276.0 14764.0 364.0 92.0 (Later
10704.0 14768.0 112.0 84.0 at
10880.0 14760.0 364.0 104.0 ferry.)

10260.0 14900.0 228.0 88.0 The
10588.0 14900.0 564.0 88.0 American
11288.0 14900.0 188.0 88.0 We
11580.0 14900.0 268.0 88.0 have
11960.0 14900.0 112.0 88.0 20
12184.0 14900.0 216.0 84.0 min-

10140.0 15044.0 232.0 80.0 utes
10436.0 15044.0 108.0 84.0 to
10612.0 15060.0 336.0 80.0 spare.

10260.0 15176.0 220.0 84.0 The
10580.0 15180.0 508.0 96.0 Stranger
11220.0 15176.0 40.0 84.0 I
11348.0 15176.0 308.0 84.0 know
11748.0 15176.0 108.0 88.0 It.
12008.0 15176.0 120.0 84.0 In
12216.0 15172.0 216.0 88.0 this

10136.0 15316.0 448.0 96.0 country
10636.0 15332.0 200.0 84.0 you
10896.0 15312.0 212.0 84.0 will
11168.0 15336.0 240.0 60.0 race
11464.0 15312.0 180.0 84.0 the
11704.0 15336.0 208.0 76.0 car,
11972.0 15312.0 264.0 84.0 burn
12300.0 15332.0 132.0 80.0 up

10136.0 15452.0 504.0 100.0 gasoline,
10700.0 15448.0 416.0 104.0 imperil
11176.0 15452.0 296.0 104.0 lives,
11532.0 15472.0 188.0 60.0 run
11792.0 15452.0 180.0 84.0 the
12032.0 15452.0 400.0 84.0 chance

10136.0 15592.0 108.0 80.0 of
10324.0 15588.0 316.0 100.0 being
10720.0 15588.0 476.0 84.0 arrested
11284.0 15588.0 200.0 88.0 and
11572.0 15584.0 184.0 88.0 kill
11844.0 15608.0 60.0 64.0 a
11988.0 15588.0 444.0 84.0 chicken

10140.0 15728.0 104.0 84.0 to
10304.0 15724.0 240.0 100.0 gain
10604.0 15724.0 112.0 88.0 20
10772.0 15724.0 464.0 84.0 minutes
11292.0 15724.0 164.0 84.0 for
11508.0 15724.0 340.0 84.0 which
11908.0 15744.0 200.0 80.0 you
12160.0 15724.0 276.0 88.0 have

10140.0 15884.0 128.0 64.0 no
10336.0 15884.0 184.0 64.0 use
10584.0 15864.0 300.0 84.0 when
10948.0 15884.0 204.0 80.0 you
11216.0 15868.0 172.0 92.0 get
11448.0 15860.0 320.0 88.0 them.

10664.0 16140.0 420.0 88.0 GLASS
11172.0 16144.0 168.0 84.0 OF
11424.0 16144.0 484.0 84.0 WATER

10968.0 16280.0 328.0 108.0 Upset
11380.0 16284.0 236.0 84.0 Her.

10264.0 16552.0 388.0 104.0 People
10728.0 16552.0 236.0 88.0 who
11040.0 16552.0 288.0 88.0 don't
11408.0 16556.0 304.0 84.0 know
11792.0 16552.0 328.0 88.0 about
12196.0 16552.0 244.0 88.0 food

10140.0 16692.0 372.0 84.0 should
10592.0 16712.0 328.0 64.0 never
10992.0 16692.0 128.0 84.0 bo
11196.0 16692.0 440.0 84.0 allowed
11716.0 16696.0 112.0 80.0 to
11904.0 16688.0 236.0 88.0 feed
12224.0 16712.0 188.0 84.0 per-

10136.0 16848.0 252.0 64.0 sons
10444.0 16828.0 252.0 84.0 with
10756.0 16828.0 296.0 84.0 weak
11108.0 16828.0 568.0 88.0 stomachs.

10268.0 16964.0 568.0 88.0 Sometime
10908.0 16984.0 200.0 80.0 ago
11176.0 16988.0 64.0 60.0 a
11308.0 16988.0 348.0 80.0 young
11724.0 16988.0 412.0 64.0 woman
12208.0 16964.0 236.0 88.0 who

10136.0 17100.0 268.0 88.0 lives
10480.0 17100.0 104.0 88.0 in
10664.0 17104.0 196.0 84.0 Me.
10936.0 17100.0 204.0 88.0 had
11216.0 17124.0 132.0 60.0 an
11428.0 17104.0 364.0 84.0 attack
11864.0 17104.0 112.0 84.0 of
12048.0 17104.0 396.0 84.0 scarlet

10136.0 17240.0 324.0 100.0 fever,
10520.0 17240.0 204.0 84.0 and
10784.0 17240.0 300.0 84.0 when
11148.0 17240.0 748.0 100.0 convalescing
11948.0 17260.0 220.0 64.0 was
12224.0 17260.0 184.0 80.0 per-

10136.0 17376.0 372.0 88.0 mitted
10612.0 17380.0 112.0 84.0 to
10816.0 17384.0 180.0 80.0 eat
11088.0 17376.0 516.0 104.0 anything
11700.0 17376.0 188.0 84.0 she
11988.0 17376.0 448.0 88.0 wanted.

10136.0 17516.0 852.0 84.0 Indiscriminate
11080.0 17516.0 432.0 100.0 feeding
11608.0 17536.0 256.0 64.0 soon
11964.0 17520.0 192.0 96.0 put
12248.0 17512.0 192.0 88.0 her

10136.0 17648.0 268.0 88.0 back
10476.0 17652.0 100.0 84.0 in
10652.0 17652.0 192.0 84.0 bed
10916.0 17652.0 256.0 88.0 with
11240.0 17672.0 372.0 68.0 severe
11680.0 17652.0 476.0 84.0 stomach
12228.0 17648.0 208.0 92.0 and

10136.0 17788.0 388.0 104.0 kidney
10584.0 17788.0 440.0 92.0 trouble.

10264.0 17928.0 400.0 84.0 "There
10752.0 17928.0 40.0 84.0 I
10880.0 17928.0 464.0 100.0 stayed,"
11432.0 17928.0 188.0 84.0 she
11708.0 17948.0 276.0 80.0 says,
12072.0 17928.0 368.0 88.0 "three

10132.0 18068.0 456.0 96.0 months,
10648.0 18064.0 252.0 84.0 with
10960.0 18084.0 172.0 80.0 my
11188.0 18068.0 476.0 84.0 stomach
11728.0 18072.0 104.0 80.0 in
11892.0 18068.0 256.0 84.0 such
12208.0 18088.0 196.0 64.0 con-

10132.0 18204.0 332.0 84.0 dition
10520.0 18204.0 236.0 84.0 that
10808.0 18204.0 40.0 84.0 I
10900.0 18204.0 300.0 84.0 could
11260.0 18204.0 248.0 84.0 take
11560.0 18204.0 244.0 96.0 only
11860.0 18224.0 64.0 64.0 a
11972.0 18204.0 200.0 84.0 few
12232.0 18208.0 172.0 84.0 tea-

10136.0 18340.0 548.0 100.0 spoonfuls
10764.0 18340.0 112.0 84.0 of
10952.0 18340.0 260.0 84.0 milk
11296.0 18360.0 124.0 64.0 or
11496.0 18340.0 244.0 84.0 beef
11816.0 18340.0 280.0 100.0 juice
12180.0 18348.0 112.0 80.0 at
12372.0 18364.0 64.0 64.0 a

10136.0 18480.0 280.0 84.0 time.
10488.0 18480.0 412.0 96.0 Finally
10968.0 18476.0 652.0 104.0 Grape-Nuts
11692.0 18500.0 220.0 64.0 was
11988.0 18480.0 448.0 100.0 brought

10140.0 18620.0 108.0 80.0 to
10320.0 18636.0 172.0 80.0 my
10564.0 18616.0 520.0 84.0 attention
11164.0 18612.0 208.0 88.0 and
11444.0 18612.0 44.0 88.0 I
11560.0 18612.0 328.0 88.0 asked
11964.0 18636.0 172.0 80.0 my
12208.0 18616.0 196.0 84.0 doc-

10136.0 18760.0 164.0 80.0 tor
10376.0 18752.0 84.0 84.0 If
10532.0 18752.0 40.0 84.0 I
10652.0 18752.0 336.0 100.0 might
11064.0 18760.0 176.0 80.0 eat
11320.0 18756.0 108.0 84.0 It.
11572.0 18752.0 160.0 88.0 He
11812.0 18752.0 264.0 100.0 said,
12156.0 18752.0 272.0 104.0 'yes,'

10132.0 18892.0 200.0 84.0 and
10400.0 18892.0 40.0 84.0 I
10500.0 18888.0 672.0 88.0 commenced
11240.0 18896.0 108.0 80.0 at
11412.0 18908.0 296.0 68.0 once.

10260.0 19028.0 280.0 84.0 "The
10644.0 19028.0 236.0 88.0 food
10980.0 19028.0 172.0 84.0 did
11252.0 19052.0 164.0 64.0 me
11520.0 19028.0 264.0 100.0 good
11888.0 19032.0 264.0 84.0 from
12252.0 19032.0 180.0 84.0 the

10132.0 19172.0 272.0 80.0 start
10456.0 19164.0 200.0 88.0 and
10712.0 19168.0 40.0 80.0 I
10808.0 19188.0 212.0 64.0 was
11080.0 19188.0 252.0 64.0 soon
11388.0 19176.0 180.0 80.0 out
11616.0 19172.0 116.0 84.0 of
11776.0 19168.0 196.0 88.0 bed
12028.0 19168.0 200.0 84.0 and
12288.0 19188.0 112.0 64.0 re-

10132.0 19304.0 444.0 84.0 covered
10656.0 19304.0 264.0 84.0 from
10996.0 19304.0 180.0 84.0 the
11256.0 19308.0 476.0 84.0 stomach
11812.0 19308.0 436.0 84.0 trouble.
12388.0 19304.0 44.0 88.0 I

10132.0 19440.0 264.0 84.0 have
10476.0 19440.0 372.0 100.0 gained
10928.0 19448.0 176.0 80.0 ten
11188.0 19444.0 404.0 100.0 pounds
11664.0 19444.0 200.0 84.0 and
11948.0 19464.0 164.0 64.0 am
12192.0 19444.0 236.0 84.0 able

10132.0 19584.0 104.0 80.0 to
10308.0 19576.0 132.0 84.0 do
10504.0 19580.0 132.0 80.0 all
10712.0 19580.0 576.0 84.0 household
11360.0 19580.0 380.0 96.0 duties,
11812.0 19600.0 288.0 64.0 some
12168.0 19580.0 260.0 96.0 days

10132.0 19716.0 372.0 100.0 sitting
10576.0 19716.0 296.0 84.0 down
10948.0 19720.0 244.0 96.0 only
11268.0 19716.0 240.0 100.0 long
11588.0 19720.0 408.0 100.0 enough
12072.0 19720.0 108.0 84.0 to
12256.0 19720.0 172.0 80.0 eat

10132.0 19872.0 168.0 80.0 my
10388.0 19852.0 360.0 88.0 meals.
10904.0 19852.0 44.0 84.0 I
11040.0 19876.0 188.0 60.0 can
11328.0 19864.0 172.0 76.0 eat
11592.0 19856.0 512.0 100.0 anything
12196.0 19856.0 232.0 84.0 that

10128.0 20008.0 196.0 64.0 one
10396.0 19992.0 328.0 96.0 ought
10800.0 19996.0 104.0 80.0 to
10980.0 19996.0 200.0 92.0 eat,
11260.0 19992.0 188.0 84.0 but
11520.0 19992.0 36.0 84.0 I
11636.0 19992.0 212.0 84.0 still
11928.0 19992.0 496.0 84.0 continue

10132.0 20132.0 104.0 76.0 to
10336.0 20128.0 176.0 84.0 eat
10608.0 20124.0 648.0 100.0 Grape-Xuts
11360.0 20136.0 112.0 76.0 at
11568.0 20128.0 548.0 84.0 breakfast
12220.0 20124.0 200.0 88.0 and

10128.0 20284.0 384.0 76.0 supper
10576.0 20264.0 200.0 84.0 and
10848.0 20264.0 208.0 84.0 like
11124.0 20268.0 80.0 84.0 it
11272.0 20264.0 344.0 84.0 better
11684.0 20288.0 316.0 76.0 every
12072.0 20264.0 228.0 100.0 day.

10248.0 20400.0 760.0 100.0 "Considering
11064.0 20404.0 224.0 84.0 that
11356.0 20404.0 32.0 80.0 I
11452.0 20400.0 296.0 84.0 could
11812.0 20400.0 304.0 88.0 stand
12180.0 20404.0 244.0 96.0 only

10128.0 20556.0 52.0 64.0 a
10244.0 20536.0 292.0 84.0 short
10592.0 20540.0 280.0 92.0 time,
10932.0 20536.0 200.0 84.0 8id
11192.0 20540.0 228.0 84.0 that
11476.0 20560.0 60.0 60.0 a
11592.0 20540.0 284.0 100.0 glass
11936.0 20540.0 108.0 84.0 of
12096.0 20544.0 328.0 80.0 water

10128.0 20672.0 416.0 84.0 seemed
10612.0 20680.0 144.0 80.0 'so
10820.0 20676.0 400.0 96.0 heavy,'
11284.0 20676.0 32.0 80.0 I
11384.0 20696.0 164.0 60.0 am
11620.0 20676.0 256.0 96.0 fully
11948.0 20676.0 464.0 84.0 satisfied

10124.0 20812.0 232.0 84.0 that
10436.0 20812.0 648.0 100.0 Grape-Xuts
11172.0 20812.0 192.0 84.0 has
11444.0 20812.0 264.0 84.0 been
11800.0 20816.0 624.0 96.0 everything

10124.0 20952.0 112.0 80.0 to
10312.0 20968.0 164.0 64.0 me
10564.0 20948.0 200.0 84.0 and
10856.0 20948.0 228.0 84.0 that
11168.0 20968.0 168.0 76.0 my
11420.0 20956.0 360.0 76.0 return
11868.0 20956.0 108.0 80.0 to
12056.0 20952.0 360.0 84.0 health

10124.0 21084.0 88.0 84.0 Is
10284.0 21084.0 200.0 84.0 due
10552.0 21088.0 104.0 80.0 to
10732.0 21088.0 104.0 84.0 it.

10244.0 21220.0 104.0 84.0 "I
10424.0 21220.0 268.0 88.0 have
10768.0 21220.0 212.0 88.0 told
11060.0 21224.0 408.0 84.0 several
11556.0 21224.0 400.0 84.0 friends
12028.0 21224.0 392.0 104.0 having

10124.0 21380.0 452.0 64.0 nervous
10712.0 21380.0 120.0 64.0 or
10968.0 21364.0 476.0 80.0 stomach
11584.0 21360.0 412.0 88.0 trouble
12136.0 21364.0 284.0 84.0 what

10124.0 21492.0 644.0 104.0 Grape-Xuts
10856.0 21496.0 164.0 84.0 did
11116.0 21500.0 160.0 80.0 for
11364.0 21520.0 164.0 60.0 me
11612.0 21500.0 200.0 84.0 and
11908.0 21500.0 100.0 84.0 in
12100.0 21520.0 316.0 76.0 every

10124.0 21648.0 240.0 68.0 case
10440.0 21632.0 252.0 100.0 they
10772.0 21636.0 324.0 96.0 speak
11184.0 21636.0 360.0 100.0 highly
11628.0 21640.0 112.0 80.0 of
11816.0 21640.0 180.0 84.0 the
12080.0 21636.0 332.0 84.0 food."

10244.0 21768.0 492.0 88.0 "There's
10836.0 21792.0 60.0 64.0 a
10992.0 21772.0 512.0 84.0 Reason."
11672.0 21776.0 332.0 84.0 Name
12104.0 21776.0 312.0 100.0 given

10124.0 21904.0 124.0 104.0 by
10320.0 21908.0 428.0 84.0 Postum
10828.0 21908.0 204.0 96.0 Co.,
11108.0 21908.0 352.0 88.0 Battle
11532.0 21908.0 364.0 100.0 Creek,
11972.0 21912.0 308.0 88.0 Mich.

10232.0 22052.0 264.0 64.0 Ever
10568.0 22052.0 240.0 64.0 rend
10888.0 22052.0 172.0 68.0 the
11132.0 22052.0 332.0 68.0 nbove
11528.0 22052.0 372.0 68.0 ltterf
12024.0 22052.0 80.0 68.0 A
12184.0 22072.0 228.0 52.0 new

10176.0 22160.0 124.0 48.0 ne
10376.0 22160.0 376.0 60.0 appear
10884.0 22144.0 264.0 64.0 from
11220.0 22144.0 248.0 68.0 time
11540.0 22148.0 112.0 64.0 to
11724.0 22144.0 276.0 68.0 ttrne.
12128.0 22148.0 280.0 76.0 Tbe7

10128.0 22248.0 160.0 60.0 ire
10368.0 22236.0 472.0 80.0 Renulne,
10924.0 22236.0 264.0 76.0 true,
11264.0 22236.0 204.0 68.0 asd
11552.0 22232.0 192.0 72.0 fall
11828.0 22236.0 116.0 68.0 of
12020.0 22236.0 388.0 76.0 hamu

10128.0 22320.0 448.0 76.0 Interest.

12564.0 5872.0 376.0 136.0 LOST
13084.0 5876.0 284.0 128.0 HER
13520.0 5872.0 420.0 132.0 FAITH
14092.0 5872.0 128.0 128.0 IN
14376.0 5868.0 544.0 132.0 BOOKS-

12564.0 6200.0 256.0 84.0 How
12956.0 6204.0 316.0 80.0 Small
13424.0 6196.0 492.0 88.0 Marian's
14060.0 6200.0 272.0 80.0 Mind
14476.0 6192.0 376.0 84.0 Under-

12736.0 6344.0 280.0 76.0 went
13080.0 6364.0 56.0 60.0 a
13204.0 6340.0 544.0 104.0 Complete
13824.0 6336.0 488.0 84.0 Revision
14380.0 6356.0 116.0 64.0 as
14556.0 6340.0 116.0 80.0 to

13048.0 6480.0 184.0 80.0 the
13308.0 6480.0 416.0 84.0 Abodes
13800.0 6476.0 108.0 84.0 of
13992.0 6476.0 356.0 104.0 Kings.

12684.0 6748.0 408.0 88.0 Marian
13160.0 6748.0 192.0 88.0 has
13416.0 6772.0 132.0 64.0 an
13616.0 6768.0 268.0 80.0 open
13948.0 6748.0 284.0 84.0 mind
14304.0 6744.0 204.0 88.0 and
14580.0 6748.0 88.0 84.0 Is
14732.0 6744.0 104.0 84.0 al-

12552.0 6908.0 288.0 80.0 ways
12904.0 6888.0 396.0 100.0 willing
13360.0 6896.0 108.0 76.0 to
13528.0 6888.0 272.0 84.0 have
13864.0 6888.0 484.0 104.0 opinions
14416.0 6888.0 192.0 80.0 she
14668.0 6884.0 208.0 84.0 hae-

12552.0 7028.0 436.0 96.0 framed,
13068.0 7024.0 512.0 104.0 changed.

12676.0 7164.0 616.0 100.0 "Mamma,"
13436.0 7168.0 188.0 84.0 she
13764.0 7164.0 260.0 100.0 said,
14160.0 7164.0 428.0 100.0 looking
14728.0 7180.0 144.0 80.0 up

12556.0 7304.0 272.0 84.0 from
12916.0 7328.0 60.0 60.0 a
13064.0 7304.0 272.0 84.0 book
13424.0 7304.0 112.0 84.0 of
13624.0 7304.0 276.0 100.0 fairy
13984.0 7304.0 304.0 96.0 tales,
14376.0 7300.0 196.0 84.0 "do
14656.0 7320.0 212.0 80.0 you

12556.0 7444.0 308.0 84.0 know
12940.0 7444.0 236.0 84.0 that
13252.0 7444.0 396.0 84.0 castles
13728.0 7464.0 180.0 64.0 are
13992.0 7440.0 268.0 84.0 solid
14340.0 7440.0 236.0 100.0 gold
14660.0 7440.0 204.0 84.0 anfi

12548.0 7580.0 272.0 88.0 have
12924.0 7580.0 268.0 84.0 solid
13296.0 7580.0 240.0 100.0 gold
13644.0 7576.0 648.0 88.0 furniture?"

12680.0 7720.0 412.0 84.0 "Those
13196.0 7740.0 184.0 64.0 are
13484.0 7720.0 276.0 100.0 fairy
13868.0 7716.0 484.0 100.0 castles,"
14456.0 7716.0 412.0 100.0 replied

12556.0 7860.0 440.0 84.0 mother.
13136.0 7860.0 320.0 84.0 "Real
13576.0 7856.0 392.0 88.0 castles
14084.0 7880.0 180.0 64.0 are
14376.0 7856.0 272.0 84.0 built
14756.0 7852.0 120.0 88.0 of

12556.0 7996.0 296.0 84.0 brick
12928.0 7996.0 204.0 88.0 and
13216.0 8000.0 332.0 96.0 stone,
13628.0 7996.0 200.0 84.0 and
13908.0 7996.0 184.0 84.0 the
14168.0 7996.0 528.0 84.0 furniture
14772.0 7992.0 96.0 84.0 Is

12556.0 8160.0 252.0 80.0 very
12896.0 8136.0 236.0 96.0 fine,
13228.0 8136.0 180.0 84.0 but
13492.0 8140.0 184.0 80.0 not
13760.0 8136.0 112.0 84.0 of
13956.0 8132.0 336.0 104.0 gold."

12680.0 8276.0 88.0 84.0 A
12864.0 8276.0 204.0 84.0 few
13160.0 8276.0 464.0 84.0 minutes
13720.0 8272.0 460.0 100.0 elapsed.

12700.0 8412.0 300.0 104.0 "Say,
13120.0 8432.0 488.0 76.0 mamma,
13728.0 8432.0 204.0 84.0 you
14052.0 8412.0 280.0 84.0 can't
14444.0 8408.0 424.0 88.0 believs-

12552.0 8552.0 516.0 100.0 anything
13128.0 8572.0 200.0 80.0 you
13392.0 8552.0 248.0 84.0 read
13708.0 8552.0 104.0 84.0 in
13876.0 8552.0 304.0 84.0 these
14240.0 8548.0 364.0 96.0 books;
14664.0 8568.0 204.0 64.0 can

12552.0 8688.0 268.0 100.0 you?
12956.0 8688.0 148.0 84.0 I'll
13176.0 8688.0 180.0 88.0 bet
13420.0 8712.0 60.0 64.0 a
13544.0 8688.0 152.0 88.0 lot
13764.0 8692.0 112.0 80.0 of
13940.0 8688.0 216.0 84.0 real
14224.0 8708.0 260.0 84.0 poor
14548.0 8688.0 320.0 100.0 klngi

12552.0 8828.0 208.0 84.0 live
12840.0 8828.0 100.0 84.0 in
13016.0 8832.0 388.0 80.0 shacks
13480.0 8828.0 200.0 84.0 and
13760.0 8824.0 284.0 92.0 don't
14116.0 8848.0 264.0 64.0 even
14456.0 8828.0 272.0 100.0 keep

12552.0 8968.0 292.0 84.0 hired
12940.0 8964.0 292.0 104.0 girl."
13368.0 8968.0 720.0 100.0 Indianapolis
14180.0 8968.0 348.0 88.0 News.

12552.0 9284.0 336.0 140.0 HOW
12980.0 9288.0 188.0 136.0 TO
13264.0 9288.0 388.0 136.0 HEAL
13736.0 9288.0 640.0 164.0 ITCHING,

12964.0 9476.0 652.0 136.0 BURNING
13708.0 9480.0 340.0 132.0 SKIN
14148.0 9472.0 732.0 140.0 DISEASES

12664.0 9804.0 92.0 84.0 A
12864.0 9796.0 584.0 92.0 Baltimore
13552.0 9796.0 372.0 92.0 doctor
14028.0 9808.0 500.0 96.0 suggests
14636.0 9804.0 156.0 88.0 tht

12540.0 9936.0 412.0 104.0 simple,
13036.0 9936.0 188.0 88.0 but
13308.0 9936.0 444.0 88.0 reliable
13836.0 9936.0 204.0 92.0 and
14132.0 9944.0 768.0 100.0 inexpensive,,

12540.0 10072.0 316.0 88.0 home
12940.0 10080.0 584.0 84.0 treatment
13612.0 10076.0 168.0 88.0 for
13868.0 10080.0 376.0 100.0 people
14336.0 10076.0 528.0 104.0 suffering-

12540.0 10204.0 256.0 92.0 with
12900.0 10232.0 448.0 84.0 eczema,
13456.0 10212.0 604.0 104.0 ringworm,
14160.0 10216.0 380.0 84.0 rashes
14644.0 10212.0 240.0 88.0 and.

12540.0 10352.0 416.0 84.0 similar
13012.0 10352.0 436.0 108.0 Itching,
13512.0 10352.0 460.0 104.0 burning
14036.0 10352.0 240.0 88.0 skin
14344.0 10352.0 528.0 92.0 troubles.

12664.0 10488.0 140.0 88.0 At
12872.0 10508.0 208.0 84.0 any
13148.0 10488.0 440.0 88.0 reliable
13660.0 10492.0 580.0 100.0 druggist's
14308.0 10496.0 184.0 100.0 get
14556.0 10512.0 72.0 64.0 a
14688.0 10492.0 184.0 100.0 jar

12540.0 10624.0 116.0 88.0 of
12748.0 10624.0 436.0 88.0 Resinol
13284.0 10628.0 548.0 88.0 Ointment
13920.0 10628.0 208.0 88.0 and
14224.0 10652.0 68.0 64.0 a
14384.0 10628.0 268.0 88.0 cake
14744.0 10628.0 160.0 88.0 of

12544.0 10760.0 432.0 88.0 Resinol
13040.0 10764.0 304.0 100.0 Soap.
13436.0 10764.0 356.0 88.0 These
13844.0 10788.0 184.0 64.0 are
14080.0 10772.0 188.0 84.0 not
14324.0 10772.0 112.0 84.0 at
14492.0 10768.0 140.0 84.0 all
14696.0 10788.0 132.0 68.0 ex-

12544.0 10904.0 464.0 100.0 pensive.
13120.0 10900.0 292.0 92.0 With
13492.0 10904.0 188.0 88.0 the
13760.0 10904.0 436.0 88.0 Resinol
14284.0 10904.0 276.0 104.0 Soap
14644.0 10904.0 224.0 88.0 and

12544.0 11060.0 324.0 68.0 warm
12944.0 11048.0 336.0 80.0 water
13356.0 11040.0 324.0 88.0 bathe
13752.0 11044.0 188.0 88.0 the
14016.0 11044.0 456.0 88.0 affected
14552.0 11052.0 240.0 96.0 part

12544.0 11176.0 664.0 108.0 thoroughly,
13296.0 11180.0 268.0 88.0 until
13652.0 11180.0 256.0 104.0 they
13992.0 11204.0 184.0 64.0 are
14260.0 11184.0 232.0 84.0 free
14576.0 11184.0 300.0 88.0 front

12548.0 11324.0 348.0 80.0 crusts
12964.0 11316.0 208.0 88.0 and
13240.0 11320.0 192.0 88.0 the
13500.0 11316.0 240.0 88.0 skin
13812.0 11320.0 92.0 88.0 is
13980.0 11320.0 520.0 88.0 softened.
14640.0 11324.0 220.0 100.0 Dry-

12544.0 11472.0 256.0 84.0 very
12860.0 11456.0 392.0 108.0 gently,
13320.0 11456.0 380.0 104.0 spread
13768.0 11480.0 132.0 64.0 on
13964.0 11480.0 68.0 64.0 a
14088.0 11460.0 228.0 84.0 thin
14384.0 11460.0 296.0 100.0 layer
14744.0 11464.0 156.0 84.0 ofT

12544.0 11592.0 180.0 88.0 the
12792.0 11596.0 432.0 84.0 Resinol
13296.0 11596.0 580.0 104.0 Ointment,
13940.0 11596.0 208.0 88.0 and
14216.0 11620.0 316.0 64.0 cover
14592.0 11600.0 272.0 84.0 'witls-

12544.0 11752.0 64.0 64.0 a
12676.0 11732.0 272.0 100.0 light
13020.0 11728.0 480.0 108.0 bandage
13636.0 11736.0 84.0 84.0 if
13792.0 11756.0 576.0 84.0 necessary
14440.0 11744.0 112.0 80.0 to
14632.0 11756.0 192.0 84.0 pro-

12544.0 11876.0 220.0 84.0 tect
12816.0 11872.0 180.0 88.0 the
13052.0 11872.0 504.0 104.0 clothing.
13648.0 11876.0 256.0 88.0 This
13960.0 11876.0 376.0 88.0 should
14392.0 11876.0 132.0 88.0 be
14576.0 11876.0 204.0 88.0 don

12544.0 12016.0 308.0 84.0 twice
12932.0 12032.0 68.0 68.0 a
13076.0 12012.0 232.0 104.0 day.
13428.0 12016.0 448.0 100.0 Usually
13948.0 12016.0 184.0 84.0 the
14212.0 12016.0 648.0 100.0 distressing

12548.0 12148.0 404.0 104.0 Itching
13004.0 12152.0 208.0 88.0 and
13264.0 12152.0 456.0 104.0 burning
13776.0 12156.0 236.0 100.0 stop
14068.0 12156.0 256.0 84.0 with
14380.0 12156.0 180.0 84.0 the
14616.0 12152.0 256.0 92.0 first

12544.0 12292.0 608.0 100.0 treatment,
13216.0 12292.0 204.0 84.0 and
13484.0 12292.0 188.0 88.0 the
13728.0 12292.0 244.0 88.0 skin
14036.0 12312.0 256.0 64.0 Boon
14356.0 12292.0 368.0 88.0 becom-

12544.0 12428.0 288.0 88.0 clear
12896.0 12428.0 204.0 88.0 and
13168.0 12428.0 440.0 104.0 healthy
13672.0 12432.0 344.0 100.0 again.
14152.0 12428.0 260.0 96.0 Adv.

13544.0 12712.0 340.0 88.0 Ouch!

12688.0 12844.0 160.0 88.0 He
12988.0 12848.0 36.0 84.0 I
13100.0 12848.0 340.0 84.0 would
13516.0 12848.0 168.0 84.0 die
13760.0 12848.0 164.0 84.0 for
13992.0 12868.0 232.0 80.0 you.

12696.0 12984.0 204.0 84.0 She
13032.0 12980.0 304.0 104.0 Well,
13448.0 12984.0 284.0 88.0 what
13840.0 13004.0 180.0 64.0 are
14132.0 13004.0 200.0 80.0 you
14444.0 12980.0 492.0 104.0 waiting,

12556.0 13120.0 232.0 92.0 for?

13008.0 13400.0 664.0 100.0 Important
13716.0 13412.0 120.0 76.0 to
13896.0 13404.0 544.0 92.0 Mothers

12692.0 13500.0 516.0 92.0 Examine
13304.0 13508.0 516.0 100.0 carefully
13924.0 13532.0 316.0 80.0 every
14344.0 13512.0 336.0 92.0 bottla
14840.0 13516.0 100.0 92.0 5"'

12568.0 13620.0 704.0 108.0 CASTORIA,
13312.0 13652.0 60.0 60.0 a
13412.0 13632.0 232.0 84.0 safe
13696.0 13628.0 208.0 88.0 and
13964.0 13652.0 244.0 68.0 sure
14244.0 13640.0 436.0 100.0 remedy
14716.0 13640.0 180.0 88.0 tor

12568.0 13748.0 408.0 92.0 infants
13056.0 13752.0 208.0 84.0 and
13344.0 13752.0 512.0 104.0 children,
13932.0 13752.0 208.0 92.0 and
14220.0 13776.0 192.0 68.0 see
14484.0 13760.0 240.0 88.0 that
14796.0 13760.0 104.0 92.0 it

12568.0 14072.0 564.0 108.0 Signature
13172.0 14072.0 116.0 92.0 of
14036.0 13984.0 472.0 232.0 fJ

12564.0 14228.0 116.0 88.0 In
12748.0 14224.0 220.0 92.0 Use
13040.0 14228.0 168.0 88.0 for
13276.0 14228.0 280.0 88.0 Over
13620.0 14236.0 128.0 80.0 30
13812.0 14232.0 364.0 92.0 Years.

12560.0 14356.0 552.0 112.0 Children
13160.0 14356.0 220.0 132.0 Cry
13424.0 14360.0 192.0 108.0 for
13660.0 14360.0 636.0 112.0 Fletcher's
14348.0 14364.0 584.0 112.0 Castori.

12704.0 14656.0 88.0 88.0 A
12908.0 14656.0 292.0 100.0 glass
13308.0 14660.0 112.0 84.0 of
13528.0 14656.0 344.0 100.0 liquor
13984.0 14660.0 88.0 84.0 is
14188.0 14656.0 184.0 88.0 the
14484.0 14660.0 412.0 100.0 toper'o-

12572.0 14796.0 488.0 100.0 spiritual
13156.0 14800.0 480.0 84.0 comfort.

12692.0 15072.0 224.0 84.0 The
12968.0 15072.0 384.0 84.0 absent
13400.0 15096.0 184.0 64.0 are
13636.0 15072.0 396.0 104.0 always
14088.0 15076.0 104.0 84.0 In
14252.0 15076.0 180.0 84.0 the
14484.0 15100.0 396.0 80.0 wronsr.

12616.0 15740.0 36.0 96.0 I
13224.0 15780.0 988.0 84.0 Rog.u.S.Pat.O.
14260.0 15780.0 72.0 56.0 f".

12600.0 15864.0 740.0 2316.0 fl
13024.0 15896.0 524.0 212.0 Kep
13628.0 15892.0 428.0 172.0 Kids
14140.0 15892.0 564.0 180.0 Kleen

13352.0 16164.0 68.0 48.0 ic
13456.0 16148.0 172.0 64.0 most
13676.0 16132.0 344.0 88.0 practical,
14052.0 16128.0 352.0 84.0 healtMut.
14440.0 16136.0 328.0 108.0 playtime

13340.0 16248.0 428.0 52.0 rmenUever
13800.0 16228.0 316.0 72.0 invented
14148.0 16228.0 104.0 72.0 for
14280.0 16220.0 304.0 84.0 childrcra
14632.0 16228.0 20.0 76.0 I
14696.0 16248.0 72.0 56.0 io

13340.0 16344.0 176.0 52.0 run
13548.0 16316.0 68.0 72.0 o(
13648.0 16344.0 152.0 56.0 age.
13860.0 16316.0 224.0 72.0 Mode
14108.0 16316.0 68.0 72.0 in
14208.0 16348.0 136.0 40.0 one
14376.0 16320.0 192.0 84.0 piece
14596.0 16316.0 168.0 76.0 with

13340.0 16436.0 84.0 76.0 Dp
13472.0 16404.0 204.0 76.0 bacL.
13784.0 16404.0 228.0 72.0 Eatilv
14064.0 16404.0 256.0 84.0 slipped
14372.0 16436.0 92.0 44.0 oo
14516.0 16432.0 76.0 48.0 or
14640.0 16408.0 120.0 72.0 oft.
14796.0 16396.0 40.0 84.0 1

13368.0 16488.0 232.0 92.0 Easily
13624.0 16492.0 308.0 76.0 washed.
13968.0 16488.0 120.0 80.0 No
14116.0 16496.0 164.0 72.0 tiahl
14308.0 16492.0 220.0 76.0 elastic
14548.0 16492.0 212.0 76.0 bamii
14796.0 16512.0 52.0 56.0 W

13364.0 16600.0 72.0 56.0 to
13488.0 16604.0 156.0 64.0 slop
13688.0 16580.0 420.0 80.0 circulation.
14192.0 16584.0 228.0 72.0 Made
14476.0 16588.0 68.0 68.0 in
14608.0 16584.0 156.0 80.0 bUie
14840.0 16596.0 4.0 24.0 1

13360.0 16672.0 256.0 84.0 diriim,
13652.0 16672.0 140.0 72.0 and
13840.0 16668.0 160.0 76.0 blue
14044.0 16672.0 140.0 76.0 and
14232.0 16676.0 208.0 72.0 white
14484.0 16672.0 280.0 84.0 hicVy

13360.0 16760.0 364.0 80.0 atripesfor
13772.0 16760.0 88.0 76.0 all
13904.0 16764.0 116.0 72.0 the
14052.0 16792.0 164.0 56.0 year
14244.0 16764.0 240.0 76.0 round.
14588.0 16764.0 180.0 72.0 Also
14840.0 16780.0 4.0 16.0 1

13360.0 16848.0 240.0 84.0 lichter
13648.0 16852.0 276.0 80.0 weight,
13960.0 16852.0 344.0 76.0 fast-color
14348.0 16852.0 304.0 76.0 material
14696.0 16856.0 64.0 68.0 in

13364.0 16940.0 176.0 72.0 dark
13572.0 16936.0 180.0 88.0 blue,
13776.0 16940.0 200.0 76.0 cadet
14000.0 16940.0 180.0 84.0 blue,
14208.0 16960.0 112.0 56.0 tan
14356.0 16972.0 76.0 44.0 or
14456.0 16940.0 168.0 76.0 dk
14648.0 16940.0 116.0 76.0 red

13352.0 17028.0 108.0 76.0 lor
13520.0 17056.0 292.0 44.0 summer
13876.0 17056.0 208.0 56.0 wear,
14136.0 17028.0 88.0 76.0 all
14268.0 17032.0 500.0 84.0 appropriately
14832.0 17052.0 20.0 56.0 ',

13356.0 17116.0 316.0 76.0 trimmed
13764.0 17116.0 168.0 76.0 with
14008.0 17116.0 128.0 76.0 fast
14156.0 17120.0 244.0 72.0 -color
14472.0 17148.0 288.0 48.0 Bk'rea.
14828.0 17136.0 24.0 56.0 k

13556.0 17204.0 568.0 76.0 MadeinDutch
14156.0 17208.0 172.0 72.0 necL
14352.0 17212.0 412.0 72.0 witheibow
14836.0 17216.0 12.0 64.0 ',

13388.0 17292.0 92.0 72.0 V
13560.0 17292.0 256.0 80.0 sleeves
13852.0 17296.0 144.0 76.0 and
14024.0 17296.0 160.0 88.0 high
14216.0 17296.0 176.0 76.0 neck
14420.0 17292.0 144.0 80.0 and
14604.0 17296.0 160.0 84.0 ions

13340.0 17372.0 156.0 84.0 r-tl
13548.0 17384.0 276.0 76.0 sleeve.

13340.0 17444.0 60.0 244.0 5
13736.0 17492.0 256.0 124.0 75c
14040.0 17492.0 224.0 124.0 the
14320.0 17496.0 248.0 120.0 suit

13560.0 17648.0 1200.0 96.0 Hyourdenlercannotstrpplyytni.
14844.0 17712.0 8.0 24.0 -.

13436.0 17764.0 124.0 56.0 We
13584.0 17748.0 140.0 72.0 will
13756.0 17748.0 164.0 72.0 send
13948.0 17748.0 208.0 80.0 tlirm,
14184.0 17748.0 276.0 80.0 cliargeg
14476.0 17732.0 288.0 104.0 prepaid

13432.0 17856.0 96.0 52.0 On
13564.0 17856.0 248.0 64.0 receipt
13844.0 17836.0 68.0 72.0 of
13944.0 17840.0 204.0 80.0 price,
14176.0 17836.0 136.0 76.0 75c
14340.0 17836.0 196.0 76.0 each.

13820.0 17936.0 452.0 136.0 FREE

13516.0 18112.0 300.0 76.0 Beware
13840.0 18116.0 64.0 72.0 of
13928.0 18112.0 380.0 80.0 Imitations.
14352.0 18112.0 192.0 80.0 Look
14572.0 18120.0 108.0 72.0 for

12616.0 18208.0 432.0 352.0 Lifade
13088.0 18212.0 100.0 84.0 by
13512.0 18200.0 72.0 76.0 tb
13660.0 18200.0 468.0 80.0 TwoHono
14156.0 18236.0 88.0 44.0 on
14280.0 18204.0 112.0 76.0 the
14428.0 18208.0 32.0 72.0 L
14492.0 18208.0 180.0 80.0 abel.

12796.0 18300.0 240.0 92.0 Levi
13084.0 18308.0 400.0 84.0 Strauss
13516.0 18308.0 96.0 84.0 &
13644.0 18308.0 208.0 100.0 Co.,
13880.0 18312.0 196.0 84.0 San
14116.0 18308.0 532.0 92.0 Francisco

13008.0 18424.0 308.0 72.0 Awarded
13356.0 18428.0 284.0 68.0 GRAND
13672.0 18428.0 220.0 72.0 PRIZE
13932.0 18440.0 60.0 60.0 at
14032.0 18432.0 108.0 64.0 the
14176.0 18432.0 60.0 68.0 P.
14260.0 18432.0 60.0 68.0 P.
14344.0 18432.0 120.0 68.0 I.E.
14700.0 18460.0 80.0 80.0 j
14828.0 18452.0 8.0 16.0 '

12552.0 18708.0 428.0 120.0 DAISY
13028.0 18712.0 260.0 116.0 FLY
13336.0 18708.0 504.0 120.0 KiLLER
14248.0 18720.0 220.0 128.0 "r
14732.0 18712.0 140.0 144.0 S

12720.0 18868.0 1140.0 76.0 Jjjl'Twjgi!gaWx
13928.0 18876.0 180.0 52.0 filet.
14204.0 18868.0 212.0 68.0 N-t.
14460.0 18872.0 244.0 68.0 cln,
14740.0 18884.0 92.0 44.0 or-

12556.0 18940.0 532.0 88.0 K?''.LV
13180.0 18960.0 416.0 68.0 -'Jfi
13928.0 18952.0 412.0 68.0 namenUI,
14372.0 18956.0 488.0 52.0 conToolont.

13932.0 19124.0 428.0 52.0 Beason.
14472.0 19056.0 396.0 112.0 MadaoJ

12488.0 19208.0 8.0 36.0 :
12616.0 19156.0 724.0 128.0 .r$frVY-f
13360.0 19176.0 460.0 108.0 VZnX!
13980.0 19192.0 816.0 68.0 ieil,cairtp!llort1

12584.0 19308.0 24.0 48.0 r
12648.0 19260.0 232.0 108.0 JV"
12972.0 19312.0 56.0 56.0 v
13704.0 19316.0 44.0 52.0 i
13804.0 19256.0 60.0 112.0 '1
13984.0 19300.0 156.0 40.0 wr,T'
14188.0 19284.0 152.0 52.0 wMl
14388.0 19284.0 132.0 52.0 not
14616.0 19280.0 108.0 56.0 ol1
14872.0 19292.0 8.0 12.0 "

12712.0 19336.0 496.0 116.0 f-XiL?
13548.0 19336.0 312.0 104.0 xVg
13928.0 19372.0 336.0 64.0 Injure
14328.0 19368.0 540.0 68.0 anything.

12664.0 19412.0 968.0 128.0 A'V'VS'?."
13820.0 19476.0 64.0 64.0 r
14188.0 19452.0 220.0 56.0 nted
14472.0 19448.0 360.0 60.0 estiva

12696.0 19520.0 932.0 80.0 JHiUiuv,''.-
13756.0 19552.0 16.0 12.0 -
13820.0 19508.0 64.0 92.0 8
13936.0 19540.0 136.0 60.0 All
14104.0 19540.0 400.0 64.0 dealers
14536.0 19548.0 284.0 44.0 orPn

12488.0 19652.0 4.0 36.0 :
12564.0 19608.0 292.0 80.0 Say-v
13108.0 19636.0 8.0 24.0 '
13180.0 19644.0 16.0 4.0 -
13280.0 19652.0 8.0 4.0 -
13472.0 19600.0 392.0 60.0 ti'-Tffcy
13928.0 19636.0 308.0 52.0 aiprexH
14280.0 19620.0 176.0 68.0 paid
14496.0 19620.0 128.0 60.0 for
14656.0 19620.0 212.0 56.0 il.Wk

12488.0 19700.0 4.0 68.0 i
12548.0 19716.0 364.0 60.0 liAEOLD
12956.0 19720.0 372.0 68.0 80MER3,
13360.0 19724.0 132.0 56.0 150
13528.0 19720.0 100.0 60.0 lit
13668.0 19720.0 196.0 60.0 Haiti
13908.0 19724.0 216.0 72.0 Avs.,
14180.0 19724.0 400.0 72.0 Broaklym,
14632.0 19720.0 92.0 60.0 H.
14768.0 19716.0 100.0 68.0 T,

12564.0 19860.0 644.0 236.0 BEE"
13276.0 19936.0 588.0 164.0 SUP
13928.0 19940.0 360.0 160.0 PL
14324.0 19940.0 308.0 160.0 -IE
14692.0 19940.0 160.0 168.0 S

12484.0 20196.0 8.0 64.0 I
12544.0 20160.0 88.0 64.0 of
12688.0 20164.0 180.0 64.0 bPst
12916.0 20164.0 344.0 76.0 qtmlitv.
13312.0 20172.0 76.0 56.0 n!
13452.0 20168.0 244.0 64.0 lower
13736.0 20168.0 256.0 64.0 prlcos
14040.0 20172.0 196.0 60.0 than
14288.0 20188.0 152.0 56.0 yon
14488.0 20188.0 152.0 44.0 enn
14688.0 20172.0 168.0 80.0 bny

12544.0 20256.0 200.0 44.0 (virm
12824.0 20248.0 252.0 60.0 u"0fj
13160.0 20248.0 428.0 56.0 -lphi'ro.
13700.0 20252.0 240.0 56.0 wrlu-
13992.0 20248.0 124.0 60.0 for
14160.0 20252.0 176.0 56.0 fr--
14384.0 20252.0 12.0 56.0 I
14424.0 20248.0 176.0 60.0 Ihiwt
14624.0 20252.0 232.0 60.0 rnt--t

12484.0 20304.0 8.0 56.0 I
12544.0 20316.0 452.0 68.0 CJiKilocuo.
13108.0 20320.0 180.0 60.0 Tin
13388.0 20324.0 468.0 60.0 Otloni'lo
13924.0 20324.0 324.0 68.0 llfim-v
14312.0 20324.0 552.0 64.0 J'rodiu-rs

12480.0 20420.0 8.0 68.0 I
12548.0 20392.0 308.0 76.0 Ass'u,
12912.0 20392.0 252.0 64.0 1424
13224.0 20396.0 400.0 68.0 Market
13676.0 20400.0 352.0 80.0 blroet,
14096.0 20404.0 420.0 76.0 Denver,
14588.0 20404.0 236.0 64.0 Colo

12480.0 20492.0 8.0 188.0 j
12564.0 20592.0 64.0 60.0 i(
12668.0 20592.0 56.0 60.0 A
12752.0 20592.0 116.0 64.0 .VI
12908.0 20596.0 100.0 60.0 l.l
13180.0 20600.0 56.0 60.0 1.
13252.0 20600.0 148.0 60.0 0110
13488.0 20600.0 412.0 60.0 I.AIHKN
13988.0 20612.0 80.0 52.0 to
14448.0 20608.0 128.0 56.0 lor
14664.0 20612.0 128.0 56.0 rr-

12552.0 20684.0 216.0 64.0 lliui.
12852.0 20688.0 464.0 68.0 tal:itut,'oe
13392.0 20688.0 88.0 60.0 of
13548.0 20704.0 348.0 56.0 iipiohB,
13972.0 20692.0 404.0 72.0 (Ji'KHluff
14444.0 20708.0 404.0 60.0 RMCqu.a,

12480.0 20764.0 12.0 84.0 f
12552.0 20772.0 168.0 56.0 lie--.
12788.0 20768.0 364.0 68.0 rlr-f-KB.
13224.0 20780.0 132.0 60.0 i"t
13380.0 20780.0 16.0 48.0 I
13424.0 20776.0 176.0 56.0 !-n:i
13628.0 20784.0 72.0 48.0 !n
13764.0 20776.0 164.0 60.0 iintl
14000.0 20780.0 40.0 52.0 I,
14060.0 20780.0 8.0 52.0 I
14164.0 20784.0 300.0 52.0 8;i(tn
14516.0 20780.0 336.0 60.0 Moorn-.

12480.0 20852.0 8.0 104.0 j
12544.0 20880.0 12.0 28.0 .
12600.0 20872.0 100.0 44.0 rs.
12764.0 20852.0 320.0 64.0 Lnilna
13144.0 20852.0 292.0 76.0 Apron
13496.0 20856.0 32.0 64.0 (
13568.0 20876.0 44.0 40.0 o
13712.0 20860.0 36.0 60.0 4
13800.0 20856.0 72.0 64.0 U
13904.0 20856.0 292.0 64.0 iUonA
14220.0 20864.0 80.0 68.0 pi
14324.0 20860.0 412.0 76.0 ..Toledo,
14748.0 20856.0 100.0 76.0 O,

12560.0 21040.0 472.0 108.0 CWA
13092.0 21044.0 396.0 104.0 MP.
13612.0 21044.0 104.0 76.0 1"
13836.0 21056.0 164.0 68.0 "Ot
14124.0 21056.0 728.0 76.0 ror-ommr)de!

12552.0 21132.0 60.0 44.0 k-
12796.0 21116.0 52.0 64.0 Y
12916.0 21116.0 432.0 64.0 ri-ivix
13428.0 21124.0 60.0 28.0 -
13612.0 21144.0 156.0 68.0 fr
13840.0 21148.0 600.0 80.0 ev.-rytlilNK;
14528.0 21152.0 164.0 68.0 but
14772.0 21148.0 92.0 76.0 If

12480.0 21216.0 8.0 84.0 !
12708.0 21224.0 632.0 108.0 "ROOT"
13608.0 21248.0 188.0 68.0 ynu
13860.0 21236.0 244.0 72.0 have
14168.0 21240.0 376.0 80.0 kuinov.
14616.0 21244.0 244.0 68.0 Uvur

12708.0 21304.0 456.0 56.0 ivv-'vv
13608.0 21344.0 112.0 56.0 or
13820.0 21328.0 384.0 72.0 bluiMi-r
14308.0 21336.0 368.0 68.0 trouble
14776.0 21340.0 20.0 64.0 l

12548.0 21412.0 224.0 68.0 may
12840.0 21404.0 108.0 72.0 be
13016.0 21408.0 288.0 72.0 founfl
13372.0 21412.0 204.0 84.0 JiiMt
13648.0 21420.0 160.0 68.0 tho
13872.0 21424.0 380.0 80.0 rornofly
14324.0 21440.0 180.0 64.0 you
14576.0 21424.0 268.0 80.0 nfd.

12552.0 21496.0 120.0 68.0 At
12728.0 21496.0 484.0 76.0 UruirciMs
13272.0 21504.0 88.0 68.0 In
13420.0 21508.0 220.0 80.0 fifty
13696.0 21516.0 216.0 68.0 cent
13964.0 21516.0 180.0 68.0 Hud
14208.0 21492.0 300.0 96.0 rto'll.'ir
14564.0 21524.0 276.0 88.0 sizes.,

12552.0 21584.0 196.0 72.0 You
12820.0 21604.0 220.0 64.0 may
13112.0 21600.0 364.0 68.0 receive
13548.0 21620.0 60.0 48.0 a
13676.0 21604.0 360.0 84.0 sample
14108.0 21608.0 136.0 72.0 Biz
14372.0 21612.0 300.0 72.0 bottle
14740.0 21608.0 116.0 76.0 ot

12552.0 21676.0 188.0 76.0 tins
12844.0 21684.0 384.0 72.0 reliable
13336.0 21696.0 460.0 68.0 medicine
13912.0 21700.0 116.0 76.0 by
14136.0 21700.0 336.0 72.0 Parcel
14572.0 21704.0 268.0 72.0 lo0t.

12544.0 21768.0 204.0 72.0 also
12824.0 21780.0 484.0 80.0 pamphlet
13396.0 21784.0 328.0 80.0 tolling
13800.0 21788.0 296.0 72.0 about
14172.0 21792.0 92.0 72.0 It.

12628.0 21864.0 420.0 72.0 Address
13108.0 21868.0 156.0 72.0 Dr.
13336.0 21872.0 368.0 72.0 Kilmer
13760.0 21880.0 80.0 68.0 &
13900.0 21880.0 188.0 80.0 Co..
14152.0 21880.0 688.0 100.0 BlnKhamtorv

12544.0 21952.0 108.0 72.0 N.
12744.0 21956.0 132.0 80.0 Y..
12960.0 21960.0 180.0 68.0 and
13224.0 21964.0 376.0 80.0 enclose
13680.0 21972.0 164.0 72.0 tea
13916.0 21980.0 296.0 80.0 cents,
14288.0 21980.0 208.0 80.0 also
14572.0 22000.0 272.0 60.0 mn.

12544.0 22044.0 200.0 76.0 tlon
12812.0 22048.0 192.0 76.0 tills
13072.0 22068.0 324.0 72.0 paper.

12544.0 22296.0 152.0 84.0 W.
12760.0 22296.0 116.0 84.0 N.
12944.0 22292.0 144.0 108.0 U.,
13152.0 22296.0 228.0 88.0 Salt
13448.0 22304.0 272.0 84.0 Lake
13788.0 22304.0 268.0 108.0 City,
14124.0 22308.0 180.0 84.0 No.
14364.0 22308.0 492.0 92.0 20191Sw
