15348 23152
5864.0 1060.0 716.0 140.0 ESAVJ&a
6632.0 1060.0 720.0 144.0 SDUTTY
8024.0 1032.0 844.0 172.0 KTLFOSt),
8928.0 1040.0 496.0 152.0 T7TXH
9908.0 1028.0 84.0 48.0 "

1324.0 1480.0 68.0 28.0 "
2892.0 1456.0 12.0 76.0 '

948.0 1900.0 1508.0 228.0 MATHESON
2948.0 1712.0 64.0 516.0 j

1264.0 2240.0 272.0 80.0 THE
1640.0 2232.0 504.0 80.0 TAILOR

720.0 2732.0 412.0 136.0 Maker
1228.0 2724.0 120.0 140.0 of
1440.0 2720.0 684.0 172.0 Up-to-date
2224.0 2716.0 468.0 140.0 Clothes
2956.0 2744.0 56.0 96.0 o

2960.0 2992.0 52.0 196.0 "i

804.0 3240.0 568.0 124.0 MILFORD
1616.0 3300.0 48.0 24.0 -
1968.0 3300.0 48.0 20.0 -
2244.0 3228.0 380.0 124.0 UTAH

1680.0 3696.0 4.0 4.0 .
1760.0 3696.0 48.0 36.0 n
2196.0 3684.0 24.0 8.0 .
2924.0 3624.0 4.0 108.0 1
2968.0 3632.0 36.0 52.0 t-

2540.0 3844.0 40.0 28.0 .
2968.0 3696.0 44.0 204.0 l

2976.0 3992.0 36.0 48.0 3

984.0 4344.0 912.0 280.0 MOTHERS
2096.0 4336.0 368.0 272.0 DAY
2976.0 4224.0 40.0 448.0 j

1112.0 4800.0 1240.0 272.0 CARNATIONS

744.0 5612.0 608.0 168.0 Milford
1468.0 5608.0 564.0 168.0 Flower

1396.0 5884.0 284.0 164.0 and
1800.0 5880.0 372.0 168.0 Seed
2292.0 5880.0 424.0 164.0 Store

940.0 6924.0 520.0 172.0 Watch
1584.0 6928.0 240.0 164.0 for
1940.0 6920.0 248.0 168.0 the
2308.0 6916.0 240.0 200.0 big

680.0 7312.0 984.0 472.0 Closing
1736.0 7304.0 440.0 408.0 Out
2272.0 7288.0 544.0 416.0 Sale

1660.0 8016.0 152.0 136.0 at

888.0 8352.0 1744.0 288.0 BARDSLEY'S

592.0 9272.0 364.0 164.0 Hw
1076.0 9264.0 1024.0 204.0 Appendicitis

1352.0 9512.0 304.0 164.0 Can
1792.0 9508.0 196.0 160.0 Be
2112.0 9488.0 828.0 180.0 Prevented

716.0 9748.0 452.0 100.0 Milford
1244.0 9748.0 388.0 116.0 people
1700.0 9744.0 388.0 88.0 should
2168.0 9740.0 324.0 88.0 know
2568.0 9736.0 252.0 88.0 that
2884.0 9756.0 64.0 60.0 a

596.0 9912.0 208.0 88.0 few
888.0 9904.0 316.0 92.0 doses
1284.0 9904.0 112.0 88.0 of
1472.0 9896.0 396.0 112.0 simple
1952.0 9888.0 600.0 96.0 buckthorn
2636.0 9884.0 300.0 104.0 bark,

596.0 10060.0 596.0 112.0 glycerine,
1260.0 10064.0 264.0 96.0 etc.,
1572.0 10076.0 116.0 64.0 as
1728.0 10044.0 364.0 92.0 mixed
2140.0 10048.0 96.0 84.0 in
2296.0 10036.0 328.0 96.0 Adler
2680.0 10032.0 24.0 92.0 i
2768.0 10032.0 172.0 108.0 ka,

592.0 10216.0 308.0 88.0 often
980.0 10208.0 416.0 88.0 relieve
1464.0 10228.0 116.0 64.0 or
1660.0 10212.0 468.0 100.0 prevent
2180.0 10184.0 752.0 124.0 appendicitis.

592.0 10364.0 260.0 92.0 Thi8
904.0 10356.0 392.0 116.0 simple
1356.0 10356.0 476.0 84.0 mixture
1888.0 10344.0 464.0 92.0 relieves
2404.0 10340.0 264.0 88.0 such
2728.0 10360.0 176.0 64.0 sur-

600.0 10512.0 416.0 116.0 prising
1068.0 10508.0 228.0 92.0 foul
1348.0 10512.0 408.0 84.0 matter
1796.0 10500.0 248.0 92.0 that
2096.0 10496.0 292.0 92.0 ONE
2444.0 10484.0 456.0 100.0 SPOON

608.0 10664.0 284.0 96.0 FUU
944.0 10660.0 464.0 92.0 relieves
1468.0 10656.0 408.0 88.0 almost
1932.0 10648.0 300.0 92.0 ANY
2292.0 10644.0 368.0 92.0 CASE
2700.0 10668.0 204.0 64.0 con-

604.0 10812.0 564.0 116.0 stipation,
1212.0 10832.0 248.0 68.0 sour
1512.0 10804.0 500.0 92.0 stomach
2064.0 10824.0 116.0 64.0 or
2224.0 10824.0 228.0 88.0 gas.
2596.0 10804.0 80.0 80.0 A
2736.0 10792.0 196.0 92.0 few-

612.0 10968.0 308.0 92.0 doses
1000.0 10968.0 312.0 88.0 often
1396.0 10960.0 412.0 92.0 relieve
1864.0 10980.0 120.0 64.0 or
2036.0 10956.0 472.0 112.0 prevent
2556.0 10972.0 348.0 88.0 appen-

612.0 11120.0 400.0 92.0 dicitis.
1216.0 11116.0 96.0 92.0 A
1436.0 11112.0 320.0 88.0 short
1904.0 11112.0 604.0 84.0 treatment
2652.0 11096.0 304.0 112.0 helps

612.0 11268.0 452.0 96.0 chronio
1164.0 11264.0 496.0 92.0 stomach
1748.0 11256.0 464.0 92.0 trouble.
2348.0 11248.0 416.0 96.0 Adler-i
2820.0 11248.0 136.0 88.0 ka

612.0 11428.0 200.0 88.0 has
868.0 11420.0 408.0 92.0 easiest
1324.0 11416.0 208.0 92.0 and
1584.0 11420.0 292.0 84.0 most
1944.0 11408.0 548.0 112.0 thorough
2584.0 11404.0 368.0 88.0 action

616.0 11576.0 128.0 92.0 of
840.0 11572.0 548.0 116.0 anything
1484.0 11592.0 164.0 68.0 we
1748.0 11588.0 264.0 64.0 ever
2100.0 11560.0 268.0 92.0 Bold.
2516.0 11552.0 440.0 92.0 Milford

620.0 11728.0 648.0 108.0 Pharmacy.
1416.0 11716.0 276.0 92.0 Adv.

832.0 12240.0 656.0 224.0 CLINE
1660.0 12240.0 160.0 212.0 &
2004.0 12232.0 776.0 216.0 BOYER

1136.0 12760.0 260.0 204.0 Big
1508.0 12760.0 700.0 196.0 Bargains
2328.0 12760.0 144.0 152.0 in

1348.0 12996.0 420.0 168.0 Good
1888.0 12992.0 392.0 168.0 Land

1240.0 13328.0 352.0 140.0 Cash
1692.0 13380.0 140.0 84.0 or
1928.0 13324.0 460.0 140.0 Terms

820.0 13628.0 320.0 96.0 Some
1208.0 13628.0 496.0 120.0 Specials
1780.0 13628.0 96.0 92.0 ir
1968.0 13620.0 392.0 96.0 School
2432.0 13620.0 356.0 92.0 Lands

1024.0 14024.0 880.0 200.0 MILFORD,
2056.0 14016.0 520.0 168.0 UTAH

928.0 14872.0 160.0 272.0 E.
1232.0 14872.0 160.0 264.0 B.
1520.0 14864.0 1120.0 280.0 JORGENSEN

800.0 15340.0 616.0 172.0 Funeral
1536.0 15340.0 680.0 164.0 Director

1140.0 15612.0 696.0 172.0 Licensed
1952.0 15608.0 820.0 164.0 Embalmer

780.0 16096.0 368.0 124.0 Phone
1224.0 16104.0 72.0 116.0 4
1912.0 16092.0 492.0 136.0 Milford,
2496.0 16088.0 268.0 120.0 Utah

1120.0 16548.0 340.0 148.0 Open
1548.0 16552.0 236.0 144.0 Day
1860.0 16548.0 208.0 124.0 and
2152.0 16548.0 308.0 144.0 Night

3136.0 1744.0 1960.0 280.0 BILLandBUJ,
5184.0 1608.0 88.0 384.0 1

5228.0 2112.0 52.0 92.0 s

3164.0 2328.0 1512.0 328.0 Folger's

3012.0 2728.0 28.0 268.0 1
3872.0 2728.0 1232.0 256.0 Corree

3592.0 3152.0 264.0 120.0 TEE
3936.0 3144.0 324.0 124.0 BEST
4344.0 3148.0 332.0 120.0 EVER
5236.0 3064.0 24.0 292.0 j

3660.0 3428.0 480.0 256.0 Only
4288.0 3436.0 348.0 196.0 30c
5392.0 3612.0 16.0 60.0 ,

3148.0 3852.0 332.0 124.0 Fresh
3556.0 3848.0 688.0 144.0 Vegetables,
4300.0 3844.0 372.0 124.0 Choice
4732.0 3844.0 396.0 128.0 Heats,
5224.0 3792.0 52.0 172.0 I
5344.0 3868.0 8.0 104.0 j

3656.0 4060.0 364.0 148.0 Staple
4104.0 4060.0 540.0 124.0 Groceries
5224.0 4020.0 52.0 164.0 i
5348.0 4024.0 8.0 92.0 '

3012.0 4260.0 52.0 412.0 j
3704.0 4368.0 644.0 140.0 PHONE
4440.0 4368.0 172.0 136.0 86
5228.0 4248.0 52.0 436.0 j
5348.0 4248.0 12.0 260.0 I

5352.0 4900.0 16.0 68.0 i

3412.0 5204.0 348.0 200.0 Why
3884.0 5228.0 252.0 136.0 not
4252.0 5192.0 284.0 208.0 buy
4656.0 5196.0 244.0 160.0 the

3096.0 5568.0 1512.0 584.0 CARPET
4792.0 5696.0 448.0 472.0 .or

3208.0 6328.0 744.0 488.0 HQ
4352.0 6320.0 744.0 496.0 low

3076.0 7088.0 300.0 164.0 Our
3492.0 7084.0 284.0 160.0 line
3904.0 7072.0 288.0 164.0 will
4308.0 7072.0 496.0 200.0 please
4920.0 7128.0 340.0 140.0 you.

3036.0 9732.0 252.0 164.0 We
3416.0 9748.0 804.0 180.0 guarantee
4348.0 9744.0 148.0 136.0 to
4616.0 9740.0 388.0 140.0 meet
5088.0 9776.0 276.0 136.0 any

3496.0 10000.0 340.0 164.0 mail
3988.0 9992.0 440.0 164.0 order
4544.0 10012.0 408.0 180.0 price

3040.0 10344.0 300.0 164.0 Our
3456.0 10364.0 464.0 136.0 motto
4056.0 10328.0 568.0 172.0 "Good
4776.0 10328.0 592.0 204.0 Quality

3320.0 10644.0 144.0 132.0 at
3588.0 10612.0 244.0 160.0 the
3956.0 10604.0 436.0 204.0 Right
4516.0 10604.0 576.0 168.0 Price"

3064.0 11248.0 760.0 400.0 Burns
3960.0 11240.0 232.0 416.0 &
4320.0 11240.0 520.0 408.0 Bird
4976.0 11240.0 392.0 416.0 Co.

3308.0 11832.0 816.0 164.0 MILFORD
4352.0 11932.0 48.0 28.0 -
4628.0 11832.0 508.0 164.0 UTAH

3944.0 12164.0 428.0 136.0 Phone
4480.0 12164.0 68.0 136.0 7

3356.0 12744.0 512.0 168.0 Notice
3952.0 12748.0 156.0 164.0 of
4196.0 12744.0 912.0 172.0 Publication

3068.0 13236.0 728.0 112.0 Dppartment
3908.0 13232.0 120.0 92.0 of
4128.0 13236.0 180.0 84.0 the
4412.0 13232.0 500.0 112.0 Interior,
5036.0 13232.0 128.0 96.0 U.
5296.0 13236.0 96.0 92.0 S.

3304.0 13384.0 284.0 92.0 Land
3696.0 13384.0 324.0 88.0 Office
4120.0 13396.0 112.0 76.0 at
4344.0 13388.0 236.0 88.0 Sa't
4684.0 13384.0 296.0 92.0 Lake
5096.0 13388.0 288.0 112.0 City,

3304.0 13536.0 340.0 108.0 Utah,
3716.0 13536.0 240.0 108.0 May
4024.0 13536.0 268.0 108.0 llih,
4356.0 13536.0 260.0 92.0 1916.

3068.0 13720.0 520.0 92.0 NOTICE
3648.0 13724.0 84.0 84.0 is
3792.0 13724.0 400.0 104.0 hereby
4252.0 13744.0 316.0 88.0 gu-en
4632.0 13720.0 252.0 88.0 that
4928.0 13716.0 452.0 96.0 William

3068.0 13880.0 96.0 84.0 S.
3288.0 13876.0 748.0 104.0 Heckethorn,
4144.0 13876.0 104.0 84.0 of
4368.0 13872.0 568.0 104.0 Garrison,
5064.0 13868.0 320.0 116.0 Ulah,

3068.0 14028.0 236.0 84.0 who
3420.0 14052.0 132.0 60.0 on
3668.0 14028.0 496.0 108.0 January
4268.0 14024.0 284.0 104.0 25ih,
4692.0 14024.0 252.0 104.0 1913,
5072.0 14024.0 316.0 88.0 made

3072.0 14176.0 660.0 92.0 Homestead
3840.0 14172.0 392.0 112.0 Entry,
4300.0 14172.0 344.0 92.0 Serial
4724.0 14172.0 200.0 92.0 No.
4988.0 14176.0 388.0 104.0 010950.

3068.0 14340.0 160.0 76.0 for
3320.0 14328.0 348.0 112.0 NIi4,
3784.0 14332.0 444.0 84.0 Stcth.n
4328.0 14332.0 140.0 100.0 12,
4576.0 14324.0 588.0 116.0 Township
5276.0 14332.0 112.0 88.0 20

3060.0 14480.0 64.0 92.0 S
3208.0 14484.0 232.0 100.0 uth,
3560.0 14484.0 376.0 108.0 Kange
4028.0 14484.0 116.0 84.0 20
4272.0 14480.0 344.0 100.0 West,
4728.0 14472.0 236.0 96.0 Sa't
5100.0 14480.0 288.0 92.0 Luke

3064.0 14632.0 564.0 108.0 Meridian,
3700.0 14632.0 192.0 88.0 ban
3944.0 14628.0 64.0 92.0 fi
4064.0 14624.0 124.0 92.0 ed
4244.0 14628.0 368.0 88.0 notice
4668.0 14624.0 120.0 92.0 of
4832.0 14628.0 544.0 96.0 intention

3064.0 14804.0 100.0 72.0 t.j
3224.0 14800.0 324.0 76.0 make
3604.0 14784.0 304.0 88.0 three
3956.0 14812.0 268.0 80.0 year
4284.0 14780.0 356.0 112.0 Proof,
4692.0 14792.0 112.0 80.0 to
4856.0 14780.0 524.0 92.0 establish

3056.0 14936.0 308.0 92.0 claim
3432.0 14960.0 100.0 64.0 lo
3588.0 14940.0 184.0 88.0 the
3828.0 14932.0 252.0 92.0 land
4140.0 14936.0 336.0 88.0 above
4536.0 14932.0 608.0 116.0 described,
5212.0 14936.0 124.0 92.0 be-

3060.0 15116.0 224.0 68.0 Kire
3408.0 15092.0 472.0 84.0 Herbert
4016.0 15084.0 472.0 108.0 Nicho's,
4616.0 15084.0 128.0 96.0 U.
4860.0 15084.0 96.0 96.0 S.
5072.0 15084.0 252.0 96.0 Cotti-

3052.0 15240.0 600.0 108.0 misiioner,
3760.0 15252.0 108.0 76.0 at
3976.0 15236.0 472.0 112.0 Milford,
4516.0 15236.0 336.0 104.0 Utah,
4956.0 15264.0 132.0 64.0 on
5188.0 15240.0 188.0 88.0 the

3044.0 15396.0 240.0 92.0 23rd
3352.0 15392.0 196.0 112.0 day
3608.0 15392.0 116.0 88.0 of
3776.0 15392.0 308.0 108.0 June,
4140.0 15392.0 260.0 88.0 1916.

3168.0 15552.0 552.0 84.0 Claimant
3776.0 15568.0 384.0 64.0 names
4212.0 15568.0 116.0 60.0 as
4392.0 15544.0 616.0 88.0 witnesses:

3172.0 15704.0 396.0 84.0 Marcel
3628.0 15720.0 60.0 64.0 u
3872.0 15700.0 124.0 84.0 H.
4116.0 15692.0 368.0 108.0 Webb,
4600.0 15696.0 368.0 88.0 Alfred
5092.0 15692.0 232.0 92.0 Bell-

3044.0 15880.0 120.0 60.0 an
3380.0 15924.0 24.0 40.0 ,
3484.0 15848.0 308.0 92.0 Alliin
3908.0 15840.0 444.0 96.0 Beli::nd
4440.0 15872.0 80.0 76.0 r,
4584.0 15848.0 136.0 84.0 all
4784.0 15844.0 116.0 88.0 of
4976.0 15848.0 388.0 108.0 Raker,

3048.0 16008.0 476.0 104.0 Nevada,
3592.0 16008.0 204.0 80.0 and
3908.0 15996.0 348.0 92.0 Frank
4364.0 15992.0 112.0 92.0 L.
4588.0 15996.0 596.0 112.0 Sellstiom,
5264.0 16004.0 104.0 84.0 of

3040.0 16164.0 192.0 84.0 Gai
3268.0 16160.0 140.0 88.0 ris
3492.0 16188.0 104.0 76.0 n,
3668.0 16160.0 168.0 88.0 Ui;
3888.0 16156.0 100.0 88.0 h.

4028.0 16340.0 212.0 92.0 Got
4284.0 16356.0 148.0 72.0 i,n
4484.0 16332.0 116.0 92.0 B.
4664.0 16332.0 428.0 92.0 Blaku
5132.0 16352.0 104.0 92.0 y,

4860.0 16484.0 504.0 120.0 Register

3044.0 16660.0 272.0 88.0 First.
3376.0 16656.0 256.0 88.0 Pub.
3716.0 16652.0 248.0 104.0 May
4020.0 16644.0 276.0 112.0 12th,
4368.0 16644.0 148.0 88.0 301
4544.0 16640.0 84.0 92.0 G.

3036.0 16812.0 260.0 88.0 Last
3352.0 16812.0 252.0 88.0 Pub.
3680.0 16804.0 280.0 92.0 June
4016.0 16800.0 220.0 104.0 9th,
4304.0 16800.0 260.0 88.0 1016.

576.0 18224.0 88.0 312.0 i
960.0 17920.0 3424.0 600.0 $lnmmm
4664.0 17920.0 312.0 560.0 5

2408.0 18776.0 48.0 32.0 .
5256.0 18752.0 88.0 216.0 $

1528.0 19080.0 1272.0 320.0 Groceries,
3024.0 19072.0 568.0 272.0 Seed
3792.0 19064.0 632.0 328.0 Oats,
5248.0 19208.0 88.0 200.0 j

1532.0 19476.0 180.0 192.0 v

564.0 19620.0 96.0 300.0 !
892.0 19632.0 832.0 268.0 Russet
1924.0 19616.0 1076.0 276.0 Burbank
3200.0 19612.0 444.0 272.0 and
3836.0 19612.0 652.0 268.0 Pearl
5248.0 19664.0 84.0 212.0 t

564.0 20068.0 92.0 304.0 !
2264.0 20104.0 728.0 276.0 White
3196.0 20100.0 568.0 272.0 Seed
3960.0 20096.0 1064.0 268.0 Potatoes

5240.0 20416.0 88.0 456.0 I

568.0 20968.0 88.0 312.0 ?
896.0 20872.0 912.0 408.0 Canvas
1936.0 20864.0 368.0 416.0 for
2432.0 20856.0 1216.0 488.0 Irrigation
3816.0 20856.0 1200.0 472.0 Purposes

568.0 21648.0 88.0 212.0 j

1584.0 21864.0 964.0 276.0 General
2760.0 21856.0 1564.0 268.0 Merchandise

572.0 22328.0 84.0 132.0 t
2400.0 22344.0 676.0 120.0 PHONE
3252.0 22344.0 228.0 112.0 20
5236.0 22312.0 88.0 184.0 J

568.0 22456.0 88.0 172.0 I

5544.0 1456.0 632.0 280.0 LIVE
6440.0 1456.0 1096.0 288.0 LOCALS

6280.0 1860.0 544.0 120.0 FROM

5592.0 2064.0 640.0 280.0 LIVE
6456.0 2064.0 1064.0 280.0 PEOPLE

5728.0 2688.0 456.0 136.0 Watch
6280.0 2684.0 228.0 140.0 this
6600.0 2688.0 520.0 140.0 Column
7216.0 2692.0 184.0 136.0 for

6276.0 2928.0 556.0 180.0 Bargains

5512.0 3432.0 392.0 92.0 Rexall
5964.0 3432.0 524.0 116.0 Rubbing
6536.0 3428.0 164.0 96.0 Oil
6756.0 3428.0 180.0 96.0 for
6988.0 3428.0 284.0 96.0 tired
7332.0 3428.0 396.0 112.0 aching

5412.0 3588.0 444.0 88.0 muscles
5912.0 3584.0 576.0 88.0 whatever
6536.0 3580.0 188.0 96.0 the
6780.0 3608.0 356.0 68.0 cause.
7280.0 3576.0 448.0 96.0 Milford

5412.0 3736.0 628.0 112.0 Pharmacy.
6180.0 3728.0 280.0 100.0 Adv.

5512.0 3960.0 428.0 92.0 Flower
5980.0 3956.0 316.0 96.0 bulbs
6348.0 3960.0 164.0 88.0 far
6560.0 3956.0 228.0 92.0 sale
6836.0 3964.0 116.0 88.0 at
7004.0 3948.0 724.0 124.0 MoCnlley'i.

5412.0 4112.0 392.0 96.0 -Adv.

5520.0 4356.0 176.0 92.0 All
5748.0 4352.0 216.0 92.0 size
6016.0 4344.0 404.0 100.0 seoond
6464.0 4348.0 288.0 92.0 hand
6796.0 4348.0 244.0 120.0 pipe
7096.0 4348.0 180.0 96.0 for
7328.0 4348.0 276.0 96.0 Sale.

5412.0 4512.0 116.0 92.0 A.
5592.0 4508.0 128.0 96.0 G.
5788.0 4504.0 596.0 104.0 Burnhun,
6436.0 4500.0 484.0 116.0 Milford,
6964.0 4500.0 332.0 96.0 Utah.
7436.0 4500.0 280.0 92.0 Adv.

5412.0 4752.0 272.0 96.0 FOR
5756.0 4752.0 360.0 92.0 SALE
6248.0 4748.0 52.0 92.0 5
6368.0 4776.0 296.0 64.0 room
6732.0 4744.0 332.0 96.0 house
7144.0 4772.0 136.0 64.0 on
7336.0 4764.0 396.0 72.0 comer

5640.0 4904.0 152.0 92.0 lot
5920.0 4900.0 280.0 116.0 good
6296.0 4896.0 484.0 96.0 location
6960.0 4896.0 336.0 116.0 cheap
7472.0 4916.0 256.0 92.0 easy

5648.0 5076.0 328.0 72.0 CtrmB
6108.0 5048.0 480.0 120.0 Enquire
6656.0 5048.0 412.0 96.0 NEWS
7140.0 5048.0 372.0 92.0 Office.

5412.0 5300.0 276.0 96.0 FOR
5760.0 5296.0 352.0 100.0 SALE
6248.0 5292.0 280.0 96.0 Seed
6584.0 5292.0 268.0 116.0 Rye.
6996.0 5288.0 360.0 116.0 Apply
7416.0 5288.0 124.0 92.0 D.
7608.0 5284.0 116.0 92.0 P.

5524.0 5448.0 244.0 100.0 Van
5848.0 5448.0 312.0 96.0 Fleet
6212.0 5448.0 560.0 96.0 Clermont
6824.0 5440.0 360.0 112.0 Farm,
7248.0 5436.0 476.0 96.0 Milford.

5652.0 5600.0 276.0 100.0 Adv.

5412.0 5848.0 288.0 96.0 FOR
5772.0 5840.0 408.0 100.0 SALE:
6312.0 5844.0 116.0 92.0 40
6480.0 5868.0 124.0 68.0 or
6656.0 5840.0 112.0 92.0 80
6824.0 5868.0 304.0 64.0 acres
7180.0 5836.0 240.0 96.0 first
7464.0 5836.0 284.0 92.0 class

5656.0 5996.0 260.0 96.0 land
5972.0 5996.0 368.0 112.0 cheap.
6488.0 5988.0 472.0 96.0 AddreM
7016.0 5992.0 232.0 92.0 Box
7300.0 5988.0 152.0 112.0 98,
7516.0 5984.0 188.0 96.0 Mil-

5660.0 6148.0 280.0 112.0 ford,
6004.0 6148.0 328.0 96.0 Utah.
6480.0 6144.0 276.0 96.0 Adv.

5524.0 6396.0 228.0 92.0 The
5788.0 6388.0 428.0 96.0 Milford
6252.0 6388.0 472.0 96.0 Lumber
6760.0 6388.0 564.0 116.0 Company
7352.0 6380.0 344.0 96.0 oarrle

5428.0 6544.0 132.0 96.0 all
5672.0 6544.0 572.0 92.0 material!
6360.0 6564.0 584.0 84.0 neceispry
7080.0 6540.0 168.0 88.0 for
7372.0 6536.0 372.0 108.0 Home,

5432.0 6700.0 360.0 92.0 Sweet
5832.0 6696.0 352.0 92.0 Home
6228.0 6692.0 348.0 120.0 plane.
6660.0 6688.0 452.0 116.0 Prompt
7140.0 6692.0 604.0 100.0 courteous,

5432.0 6848.0 484.0 96.0 efficient
5976.0 6844.0 468.0 96.0 service.
6588.0 6840.0 280.0 96.0 Adv.

5556.0 7096.0 96.0 88.0 If
5736.0 7120.0 216.0 88.0 you
6044.0 7096.0 300.0 84.0 want
6424.0 7084.0 184.0 92.0 the
6688.0 7084.0 240.0 92.0 best
7000.0 7084.0 108.0 88.0 in
7196.0 7076.0 556.0 116.0 Painting,

5436.0 7240.0 744.0 112.0 Calcomining
6276.0 7240.0 204.0 92.0 and
6604.0 7236.0 704.0 112.0 Decorating,
7404.0 7256.0 140.0 92.0 go
7656.0 7240.0 108.0 80.0 to

5440.0 7396.0 116.0 96.0 R.
5624.0 7396.0 116.0 96.0 G.
5812.0 7400.0 496.0 88.0 Siowert.
6452.0 7388.0 276.0 96.0 Adv.

5560.0 7616.0 264.0 88.0 New
5880.0 7608.0 216.0 92.0 line
6192.0 7604.0 120.0 96.0 of
6408.0 7600.0 368.0 100.0 ladies'
6840.0 7612.0 400.0 80.0 wastes
7336.0 7604.0 116.0 88.0 at
7548.0 7600.0 176.0 88.0 Mc-

5440.0 7760.0 512.0 120.0 Culley's.
6104.0 7760.0 276.0 92.0 Adv.

5448.0 7976.0 272.0 96.0 FOR
5788.0 7968.0 356.0 96.0 SALE
6272.0 7964.0 428.0 100.0 Vacant
6748.0 7992.0 400.0 68.0 corner
7208.0 7964.0 156.0 92.0 lot
7488.0 7960.0 280.0 116.0 good

5684.0 8124.0 480.0 96.0 location
6384.0 8144.0 264.0 92.0 easy
6784.0 8128.0 332.0 84.0 terms
7320.0 8112.0 452.0 120.0 Enquire

5684.0 8280.0 420.0 92.0 NKWS
6180.0 8272.0 332.0 96.0 Office
6652.0 8268.0 272.0 96.0 Adv.

5456.0 8492.0 268.0 92.0 FOR
5800.0 8488.0 384.0 92.0 RENT
6312.0 8492.0 116.0 84.0 90
6500.0 8508.0 312.0 64.0 acres
6880.0 8476.0 552.0 120.0 improved
7520.0 8472.0 248.0 96.0 land

5688.0 8640.0 264.0 92.0 with
6016.0 8648.0 336.0 80.0 water
6400.0 8636.0 336.0 112.0 right.
6784.0 8680.0 80.0 16.0 -
6912.0 8628.0 480.0 120.0 Enquire
7448.0 8628.0 328.0 92.0 News

5688.0 8788.0 368.0 96.0 Office.
6084.0 8788.0 404.0 92.0 -Adv.

5576.0 9000.0 200.0 96.0 For
5832.0 9004.0 288.0 88.0 Rent
6176.0 9024.0 120.0 68.0 or
6364.0 8996.0 340.0 92.0 Lease
6836.0 8996.0 112.0 92.0 10
7028.0 9020.0 300.0 64.0 acres
7412.0 8988.0 368.0 96.0 choice

5460.0 9156.0 248.0 92.0 land
5800.0 9152.0 264.0 92.0 with
6180.0 9164.0 348.0 76.0 water
6636.0 9144.0 296.0 116.0 right
7044.0 9144.0 172.0 96.0 for
7324.0 9144.0 444.0 112.0 garden.

5452.0 9304.0 300.0 96.0 Good
5828.0 9300.0 280.0 96.0 well.
6184.0 9308.0 56.0 84.0 2
6336.0 9324.0 296.0 68.0 room
6732.0 9300.0 344.0 88.0 bouse
7168.0 9292.0 208.0 96.0 and
7472.0 9292.0 304.0 92.0 barn.

5464.0 9452.0 780.0 96.0 AddressJack
6292.0 9448.0 680.0 116.0 Lightneror
7008.0 9448.0 124.0 96.0 A.
7184.0 9448.0 124.0 92.0 O.
7360.0 9444.0 416.0 116.0 Hardy,

5464.0 9604.0 708.0 104.0 Minersville,
6252.0 9596.0 336.0 100.0 Utah.
6724.0 9600.0 272.0 92.0 Adv.

5584.0 9820.0 316.0 92.0 Some
6012.0 9828.0 376.0 104.0 pretty
6504.0 9840.0 244.0 64.0 new
6864.0 9832.0 484.0 68.0 summer
7456.0 9804.0 332.0 96.0 skirts

5460.0 9976.0 116.0 84.0 at
5628.0 9968.0 616.0 112.0 McCulleys
6316.0 9964.0 224.0 92.0 this
6592.0 9960.0 340.0 96.0 week.
7072.0 9960.0 276.0 96.0 Adv.

5468.0 10180.0 280.0 96.0 FOR
5840.0 10172.0 244.0 100.0 Sale
6224.0 10176.0 232.0 92.0 1910
6568.0 10172.0 564.0 96.0 Chalmers
7248.0 10164.0 548.0 100.0 Roadster

5708.0 10336.0 120.0 88.0 at
5888.0 10332.0 496.0 108.0 Ba-gain.
6532.0 10324.0 472.0 120.0 Enquire
7068.0 10320.0 284.0 96.0 Utah
7404.0 10324.0 344.0 88.0 Trans-

5700.0 10480.0 552.0 116.0 portation
6308.0 10476.0 604.0 120.0 Company.
7060.0 10472.0 280.0 96.0 Adv.

5584.0 10696.0 152.0 92.0 To
5832.0 10696.0 132.0 92.0 be
6064.0 10696.0 232.0 88.0 free
6384.0 10692.0 284.0 92.0 from
6756.0 10692.0 320.0 92.0 Ants.
7192.0 10684.0 292.0 116.0 Bugs
7584.0 10684.0 212.0 92.0 and

5468.0 10848.0 492.0 92.0 Roaches
6068.0 10868.0 188.0 68.0 use
6368.0 10840.0 416.0 116.0 Elkays
6880.0 10844.0 260.0 104.0 Ant,
7264.0 10840.0 236.0 108.0 Bur
7592.0 10836.0 204.0 92.0 and

5480.0 11000.0 360.0 92.0 Roach
5960.0 10992.0 456.0 96.0 Powder
6476.0 10992.0 152.0 92.0 20.
6732.0 10996.0 116.0 88.0 40
6944.0 10984.0 204.0 96.0 and
7240.0 10992.0 116.0 88.0 60
7448.0 10992.0 344.0 88.0 cents.

5480.0 11144.0 432.0 100.0 Milford
5968.0 11144.0 648.0 116.0 Pharmacy.
6760.0 11140.0 284.0 96.0 Adv.

5596.0 11364.0 384.0 88.0 Porter
6036.0 11356.0 436.0 92.0 Walton
6560.0 11348.0 364.0 96.0 tested
7000.0 11352.0 312.0 92.0 seedB
7400.0 11356.0 112.0 88.0 at
7592.0 11348.0 168.0 92.0 Mc-

5480.0 11512.0 484.0 112.0 Culley's
6024.0 11508.0 216.0 92.0 this
6292.0 11504.0 344.0 96.0 week.
6772.0 11504.0 280.0 96.0 Adv.

5596.0 11724.0 400.0 104.0 Home,
6164.0 11716.0 364.0 96.0 Sweet
6676.0 11716.0 348.0 92.0 Home
7152.0 11716.0 180.0 92.0 250
7472.0 11712.0 340.0 92.0 house

5480.0 11876.0 344.0 116.0 plans,
5888.0 11872.0 248.0 92.0 blue
6208.0 11868.0 392.0 112.0 prists,
6660.0 11864.0 512.0 116.0 together
7212.0 11864.0 260.0 92.0 with
7516.0 11892.0 252.0 88.0 spec-

5480.0 12020.0 532.0 100.0 ifications
6064.0 12020.0 212.0 92.0 and
6332.0 12020.0 516.0 92.0 itemized
6908.0 12016.0 180.0 92.0 bill
7148.0 12020.0 112.0 88.0 of
7340.0 12016.0 464.0 108.0 lumber,

5484.0 12184.0 228.0 88.0 free
5748.0 12180.0 104.0 88.0 of
5908.0 12172.0 444.0 120.0 oharge.
6492.0 12164.0 456.0 96.0 Milford
7004.0 12168.0 472.0 92.0 Lumber
7524.0 12164.0 252.0 100.0 Com-

5480.0 12356.0 288.0 92.0 pany
5908.0 12328.0 280.0 92.0 Adv.

5604.0 12540.0 324.0 96.0 Some
5980.0 12544.0 364.0 112.0 pretty
6396.0 12560.0 232.0 68.0 new
6672.0 12544.0 508.0 108.0 patterns
7232.0 12532.0 108.0 92.0 In
7392.0 12528.0 424.0 96.0 ribbons

5480.0 12688.0 508.0 96.0 received
6060.0 12704.0 108.0 80.0 at
6224.0 12688.0 700.0 116.0 MeCulley'e.
7068.0 12684.0 276.0 96.0 Adv.

5600.0 12904.0 196.0 92.0 We
5888.0 12924.0 316.0 92.0 carry
6308.0 12900.0 188.0 92.0 the
6600.0 12900.0 244.0 92.0 best
6908.0 12896.0 212.0 96.0 lime
7196.0 12888.0 120.0 100.0 of
7416.0 12892.0 396.0 112.0 Mens',

5484.0 13052.0 468.0 112.0 Ladies',
6016.0 13052.0 212.0 92.0 and
6328.0 13048.0 616.0 96.0 Chlldrens'
7044.0 13048.0 328.0 92.0 shoes
7464.0 13048.0 112.0 88.0 in
7680.0 13048.0 136.0 88.0 all

5484.0 13212.0 388.0 112.0 styles.
6012.0 13200.0 120.0 100.0 G.
6196.0 13208.0 132.0 88.0 A.
6396.0 13200.0 448.0 96.0 Maloaf.
6984.0 13196.0 284.0 96.0 Adv.

5604.0 13420.0 384.0 92.0 Mouth
6096.0 13412.0 416.0 100.0 Health
6620.0 13408.0 484.0 120.0 depends
7216.0 13432.0 136.0 68.0 on
7468.0 13412.0 344.0 92.0 sound

5484.0 13576.0 304.0 88.0 teeth
5836.0 13564.0 200.0 96.0 and
6096.0 13568.0 264.0 92.0 both
6400.0 13592.0 136.0 64.0 on
6580.0 13560.0 388.0 100.0 Rexall
7020.0 13560.0 360.0 96.0 Teoth
7440.0 13560.0 364.0 104.0 Paste,

5484.0 13716.0 436.0 100.0 Milford
5980.0 13720.0 640.0 108.0 Pharmacy.
6756.0 13716.0 280.0 92.0 Adv.

5600.0 13876.0 348.0 92.0 Don't
6004.0 13876.0 364.0 104.0 forget
6460.0 13868.0 180.0 92.0 the
6700.0 13860.0 468.0 124.0 Monday
7228.0 13864.0 404.0 116.0 special
7700.0 13884.0 116.0 76.0 at

5492.0 14020.0 700.0 116.0 McCulley's,
6336.0 14016.0 276.0 96.0 Adv.

5596.0 14240.0 400.0 104.0 Befor.e
6092.0 14232.0 520.0 116.0 ordering
6700.0 14256.0 268.0 92.0 your
7072.0 14228.0 288.0 96.0 Wall
7468.0 14228.0 348.0 124.0 Paper

5480.0 14392.0 628.0 108.0 elsewhere,
6172.0 14416.0 184.0 60.0 see
6416.0 14388.0 124.0 92.0 R.
6600.0 14384.0 120.0 96.0 G.
6812.0 14380.0 496.0 96.0 Siewert.
7460.0 14384.0 352.0 96.0 Prices

5476.0 14548.0 476.0 112.0 cheaper
6036.0 14540.0 268.0 92.0 than
6392.0 14536.0 248.0 92.0 Salt
6720.0 14532.0 300.0 96.0 Lake
7096.0 14560.0 124.0 68.0 or
7300.0 14564.0 208.0 88.0 any
7556.0 14540.0 252.0 92.0 mail

5476.0 14696.0 320.0 92.0 order
5868.0 14688.0 356.0 96.0 houxe.
6388.0 14688.0 328.0 96.0 Make
6788.0 14712.0 276.0 92.0 your
7144.0 14712.0 244.0 68.0 own
7468.0 14688.0 288.0 92.0 selec-

5476.0 14844.0 320.0 96.0 tions.
5940.0 14840.0 276.0 100.0 Adv.

5588.0 15064.0 216.0 92.0 For
5892.0 15064.0 248.0 88.0 that
6228.0 15056.0 348.0 116.0 rough
6652.0 15052.0 288.0 92.0 wind
7040.0 15048.0 420.0 100.0 burned
7556.0 15052.0 240.0 96.0 skin

5472.0 15240.0 188.0 64.0 use
5796.0 15208.0 388.0 96.0 Rexall
6360.0 15208.0 256.0 96.0 Cold
6772.0 15212.0 436.0 96.0 Cream.
7356.0 15204.0 444.0 96.0 Milford

5468.0 15360.0 664.0 120.0 Pharmacy,
6272.0 15360.0 280.0 92.0 Adv.

5584.0 15576.0 572.0 112.0 Complete
6196.0 15568.0 356.0 96.0 lineof
6604.0 15568.0 504.0 100.0 Summer
7152.0 15568.0 648.0 96.0 underwear

5460.0 15744.0 120.0 76.0 at
5632.0 15724.0 708.0 116.0 McCulley'd.
6488.0 15724.0 276.0 96.0 Adv.

8388.0 2180.0 164.0 136.0 I.
8644.0 2180.0 168.0 136.0 O
8828.0 2012.0 352.0 304.0 ."o.
9272.0 2180.0 236.0 140.0 F.

7968.0 2388.0 428.0 96.0 Milford
8448.0 2384.0 372.0 112.0 Lodge
8876.0 2384.0 208.0 96.0 No.
9132.0 2388.0 152.0 104.0 42,
9332.0 2388.0 84.0 92.0 1.
9464.0 2392.0 124.0 88.0 O.
9636.0 2388.0 120.0 92.0 O.
9808.0 2388.0 120.0 92.0 F.

7964.0 2524.0 348.0 84.0 meets
8364.0 2532.0 324.0 92.0 every
8752.0 2508.0 476.0 120.0 Monday
9280.0 2512.0 480.0 112.0 evening
9824.0 2512.0 108.0 88.0 in

8448.0 2632.0 84.0 92.0 I.
8596.0 2636.0 124.0 88.0 O.
8784.0 2628.0 116.0 96.0 O.
8972.0 2628.0 108.0 92.0 F.
9164.0 2620.0 288.0 104.0 Hall.

7964.0 2788.0 140.0 76.0 AH
8144.0 2784.0 360.0 84.0 visiting
8540.0 2784.0 400.0 72.0 brother!
8976.0 2804.0 148.0 52.0 are
9152.0 2780.0 420.0 84.0 cordially
9616.0 2780.0 328.0 76.0 invited

8492.0 2912.0 100.0 68.0 A.
8636.0 2908.0 100.0 68.0 R.
8772.0 2908.0 328.0 76.0 Lewis.
9144.0 2908.0 276.0 72.0 Noble
9456.0 2904.0 308.0 72.0 Grand

8508.0 3020.0 392.0 64.0 Arthur
8940.0 3012.0 300.0 72.0 Wood.
9280.0 3008.0 460.0 80.0 Secretary

8008.0 3872.0 404.0 84.0 Phoni
8472.0 3872.0 128.0 80.0 13
8988.0 3868.0 468.0 80.0 Notary
9540.0 3864.0 432.0 84.0 Public

8216.0 4484.0 552.0 220.0 SAM
8988.0 4476.0 780.0 224.0 CLINE

8428.0 4820.0 1100.0 76.0 ATTORNIY-AT-L.AW

8196.0 5144.0 628.0 80.0 FORMERLY
8892.0 5144.0 148.0 76.0 OF
9104.0 5140.0 684.0 80.0 CALIFORNIA

8028.0 5624.0 752.0 108.0 MILFORD
8988.0 5672.0 52.0 28.0 -
9268.0 5668.0 48.0 32.0 -
9544.0 5616.0 440.0 108.0 UTAH

8068.0 6576.0 188.0 216.0 J.
8404.0 6576.0 236.0 212.0 A.
8792.0 6568.0 820.0 220.0 INGOLS

8048.0 7128.0 464.0 168.0 Mining
8580.0 7120.0 232.0 140.0 and
8884.0 7116.0 308.0 140.0 Civil
9264.0 7116.0 588.0 176.0 Engineer

8016.0 7368.0 164.0 140.0 U.
8224.0 7372.0 124.0 136.0 S.
8420.0 7368.0 472.0 172.0 Deputy
8956.0 7364.0 452.0 168.0 Mining
9460.0 7360.0 576.0 172.0 Engineer

8216.0 7644.0 496.0 172.0 County
8784.0 7640.0 592.0 168.0 Surveyor

8192.0 7884.0 296.0 176.0 City
8560.0 7884.0 584.0 172.0 Engineer

8060.0 8188.0 824.0 144.0 MILFORD
9468.0 8184.0 540.0 140.0 UTAH

8552.0 8460.0 492.0 96.0 PHONE
9112.0 8460.0 228.0 92.0 NO.
9484.0 8464.0 48.0 84.0 7

8080.0 9188.0 1020.0 196.0 Tombstones,
9268.0 9184.0 932.0 168.0 Monuments

7880.0 9464.0 280.0 172.0 and
8316.0 9464.0 476.0 168.0 Grave
8948.0 9460.0 676.0 168.0 Markers
9740.0 9452.0 164.0 172.0 of
10016.0 9448.0 188.0 172.0 all

7880.0 9740.0 420.0 168.0 kinds
8424.0 9764.0 148.0 140.0 at
8688.0 9732.0 868.0 168.0 reasonable
9664.0 9736.0 540.0 196.0 prices.

8148.0 10188.0 136.0 140.0 E.
8384.0 10188.0 132.0 140.0 B.
8600.0 10180.0 876.0 176.0 JORGENSEN,
9572.0 10176.0 380.0 168.0 Agent

8468.0 10428.0 688.0 112.0 MILFORD,
9232.0 10420.0 404.0 100.0 UTAH

7992.0 10976.0 648.0 272.0 OLIVER
8776.0 10960.0 1344.0 272.0 TYPEWRITERS

8260.0 11436.0 324.0 144.0 New
8676.0 11432.0 236.0 140.0 and
9008.0 11424.0 852.0 144.0 Second-hand

8080.0 13896.0 580.0 212.0 Inquire
8780.0 13900.0 504.0 172.0 NEWS
9408.0 13900.0 644.0 172.0 OFFICE

7900.0 14496.0 628.0 92.0 Four-room
8600.0 14492.0 608.0 96.0 Furnished
9292.0 14492.0 372.0 100.0 House
9716.0 14504.0 172.0 88.0 for
9940.0 14500.0 292.0 92.0 Rent

8260.0 14644.0 356.0 120.0 Apply
8672.0 14648.0 416.0 96.0 NEWS
9140.0 14648.0 336.0 96.0 Office
9604.0 14652.0 272.0 92.0 Adv.

7896.0 14884.0 276.0 100.0 FOR
8244.0 14888.0 364.0 92.0 SALE
8736.0 14896.0 52.0 88.0 6
8840.0 14916.0 300.0 68.0 room
9232.0 14892.0 364.0 116.0 house,
9680.0 14892.0 256.0 96.0 with
10012.0 14900.0 216.0 88.0 two

8132.0 15036.0 412.0 96.0 clothes
8628.0 15040.0 400.0 92.0 closets
9112.0 15044.0 208.0 92.0 and
9412.0 15056.0 460.0 108.0 pantry;
9980.0 15080.0 252.0 96.0 easy

8124.0 15204.0 368.0 84.0 terms.
8644.0 15196.0 472.0 116.0 Enquire
9212.0 15196.0 420.0 96.0 NEWS
9716.0 15204.0 376.0 96.0 Office.

8128.0 15344.0 280.0 100.0 Adv.

8008.0 15556.0 380.0 96.0 Rexall
8428.0 15560.0 276.0 92.0 Nice
8756.0 15564.0 164.0 88.0 for
8968.0 15560.0 528.0 96.0 offensive
9532.0 15564.0 284.0 120.0 body
9852.0 15572.0 356.0 96.0 odori.

7884.0 15708.0 436.0 100.0 Milford
8384.0 15712.0 636.0 116.0 Pharmacy.
9164.0 15716.0 276.0 96.0 Adv.

10196.0 1436.0 252.0 164.0 We
10584.0 1440.0 288.0 164.0 Are
11028.0 1436.0 280.0 172.0 Not
11456.0 1436.0 1056.0 208.0 Superstitious

10312.0 1668.0 156.0 96.0 On
10572.0 1700.0 136.0 64.0 an
10824.0 1676.0 592.0 92.0 American
11532.0 1676.0 988.0 116.0 twenty-five-cent

10148.0 1840.0 8.0 84.0 ;
10196.0 1824.0 312.0 112.0 pieee
10564.0 1824.0 308.0 92.0 there
10924.0 1852.0 180.0 64.0 are
11160.0 1824.0 468.0 92.0 thirteen
11676.0 1840.0 324.0 96.0 stars,
12048.0 1824.0 468.0 96.0 thirteen

10148.0 2000.0 8.0 32.0 '
10196.0 1972.0 384.0 92.0 letters
10628.0 1972.0 108.0 92.0 in
10792.0 1980.0 184.0 88.0 the
11032.0 1976.0 320.0 92.0 scroll
11404.0 1972.0 240.0 96.0 held
11700.0 1980.0 108.0 88.0 in
11872.0 1980.0 180.0 88.0 the
12108.0 1980.0 412.0 116.0 eagle's

10200.0 2120.0 316.0 112.0 beak,
10576.0 2124.0 476.0 92.0 thirteen
11136.0 2128.0 440.0 88.0 feather
11656.0 2128.0 108.0 88.0 in
11820.0 2128.0 268.0 92.0 each
12144.0 2128.0 124.0 92.0 of
12336.0 2128.0 184.0 92.0 the

10200.0 2272.0 404.0 116.0 eagle's
10660.0 2272.0 372.0 120.0 wings,
11136.0 2272.0 484.0 100.0 thirteen
11704.0 2280.0 196.0 88.0 tail
11980.0 2276.0 532.0 116.0 feathers,

10208.0 2424.0 476.0 96.0 thirteen
10784.0 2424.0 440.0 116.0 parallel
11304.0 2428.0 244.0 96.0 bars
11636.0 2428.0 108.0 92.0 in
11816.0 2428.0 188.0 92.0 the
12072.0 2428.0 444.0 112.0 shields,

10208.0 2572.0 480.0 96.0 thirteen
10784.0 2576.0 608.0 96.0 horizontal
11464.0 2584.0 284.0 108.0 bars,
11828.0 2584.0 484.0 88.0 thirteen
12364.0 2608.0 116.0 64.0 ar-

10204.0 2748.0 220.0 68.0 row
10532.0 2724.0 380.0 112.0 heads,
11012.0 2724.0 476.0 96.0 thirteen
11608.0 2732.0 368.0 92.0 leaves
12084.0 2760.0 140.0 64.0 on
12344.0 2732.0 180.0 92.0 the

10212.0 2872.0 456.0 96.0 branch,
10764.0 2872.0 212.0 96.0 and
11068.0 2876.0 480.0 96.0 thirteen
11652.0 2884.0 380.0 92.0 letters
12128.0 2884.0 108.0 92.0 in
12340.0 2888.0 188.0 92.0 the

10216.0 3024.0 344.0 88.0 words
10604.0 3028.0 524.0 112.0 "quarter
11176.0 3028.0 472.0 96.0 dollar."

10340.0 3172.0 212.0 92.0 But
10624.0 3176.0 192.0 92.0 the
10896.0 3176.0 416.0 96.0 NEWS
11396.0 3176.0 96.0 96.0 is
11540.0 3188.0 192.0 88.0 not
11800.0 3188.0 116.0 88.0 at
11968.0 3184.0 144.0 92.0 all
12168.0 3212.0 320.0 88.0 super-

10220.0 3324.0 436.0 92.0 stitious
10748.0 3324.0 220.0 96.0 and
11020.0 3332.0 220.0 88.0 will
11308.0 3328.0 368.0 120.0 gladly
11748.0 3344.0 392.0 108.0 accept
12244.0 3340.0 308.0 112.0 eight

10224.0 3480.0 112.0 84.0 ot
10392.0 3476.0 316.0 88.0 these
10764.0 3476.0 664.0 116.0 "unlucky"'
11488.0 3480.0 304.0 92.0 coins
11864.0 3488.0 160.0 88.0 for
12080.0 3512.0 60.0 64.0 a
12192.0 3484.0 360.0 120.0 year's

10224.0 3624.0 780.0 116.0 subscription.
11136.0 3628.0 264.0 96.0 JnBt
11448.0 3636.0 172.0 112.0 try
11672.0 3656.0 156.0 72.0 us.

10140.0 3748.0 8.0 152.0 I

10444.0 3984.0 988.0 176.0 Undelivered
11552.0 3992.0 764.0 212.0 Telegram

10356.0 4256.0 352.0 92.0 There
10760.0 4260.0 92.0 92.0 Is
10904.0 4288.0 136.0 64.0 an
11092.0 4260.0 704.0 96.0 uudelivered
11852.0 4268.0 540.0 120.0 telegram
12448.0 4276.0 120.0 88.0 at

10244.0 4408.0 188.0 92.0 the
10492.0 4408.0 508.0 96.0 Western
11104.0 4408.0 352.0 96.0 Union
11548.0 4412.0 616.0 124.0 Telegraph
12260.0 4420.0 304.0 96.0 office

10244.0 4560.0 176.0 92.0 for
10464.0 4560.0 132.0 92.0 A.
10656.0 4560.0 128.0 96.0 R.
10848.0 4560.0 476.0 96.0 Galium.

10364.0 4860.0 340.0 96.0 Work
10748.0 4888.0 132.0 64.0 on
10932.0 4864.0 192.0 92.0 the
11164.0 4888.0 240.0 68.0 new
11440.0 4872.0 252.0 100.0 post
11740.0 4864.0 308.0 96.0 office
12088.0 4868.0 484.0 120.0 building

10252.0 5008.0 84.0 92.0 is
10500.0 5016.0 704.0 112.0 progressing
11348.0 5012.0 400.0 120.0 nicely.
11924.0 5024.0 648.0 92.0 Contractor

10260.0 5160.0 404.0 96.0 Burton
10720.0 5180.0 460.0 96.0 expects
11228.0 5172.0 112.0 84.0 to
11396.0 5168.0 540.0 116.0 complete
11992.0 5172.0 188.0 92.0 the
12248.0 5172.0 332.0 92.0 finest

10252.0 5324.0 248.0 104.0 post
10544.0 5312.0 312.0 96.0 office
10904.0 5312.0 108.0 92.0 in
11068.0 5316.0 544.0 92.0 Southern
11656.0 5316.0 328.0 100.0 Utah.

10140.0 5688.0 36.0 228.0 j
10540.0 5676.0 512.0 176.0 Notice
11132.0 5684.0 164.0 168.0 of
11384.0 5680.0 916.0 180.0 Publication

10268.0 6168.0 716.0 112.0 Department
11088.0 6168.0 116.0 92.0 of
11308.0 6168.0 192.0 92.0 the
11616.0 6164.0 500.0 120.0 Interior,
12228.0 6172.0 132.0 96.0 U.
12476.0 6168.0 100.0 96.0 S.

10504.0 6316.0 300.0 92.0 Land
10900.0 6316.0 344.0 96.0 Office
11344.0 6332.0 108.0 80.0 at
11552.0 6320.0 244.0 92.0 Salt
11892.0 6316.0 296.0 100.0 Lake
12296.0 6324.0 288.0 116.0 City,

10508.0 6464.0 336.0 116.0 Utah,
10912.0 6472.0 256.0 112.0 May
11224.0 6468.0 276.0 116.0 llth,
11568.0 6472.0 268.0 92.0 1916.

10268.0 6648.0 532.0 100.0 NOTICE
10888.0 6648.0 96.0 96.0 is
11080.0 6648.0 408.0 120.0 hereby
11552.0 6656.0 324.0 112.0 given
11968.0 6656.0 256.0 92.0 that
12316.0 6652.0 236.0 96.0 Mar-

10268.0 6804.0 332.0 92.0 cellus
10648.0 6804.0 136.0 92.0 H.
10852.0 6800.0 380.0 108.0 Webb,
11296.0 6808.0 112.0 88.0 of
11460.0 6800.0 392.0 116.0 Baker,
11916.0 6808.0 368.0 92.0 White
12340.0 6804.0 252.0 96.0 Pine

10272.0 6952.0 436.0 116.0 County
10772.0 6952.0 492.0 112.0 Nevada,
11308.0 6956.0 244.0 88.0 whe
11592.0 6984.0 136.0 64.0 on
11780.0 6952.0 492.0 120.0 January
12304.0 6960.0 284.0 104.0 25th,

10276.0 7112.0 264.0 104.0 1913,
10600.0 7108.0 312.0 88.0 made
10984.0 7108.0 676.0 88.0 Homestead
11728.0 7112.0 376.0 112.0 Entry,
12212.0 7108.0 376.0 100.0 Serial,

10280.0 7256.0 188.0 92.0 No.
10576.0 7260.0 388.0 104.0 010948,
11052.0 7260.0 172.0 88.0 for
11304.0 7256.0 216.0 92.0 lots
11620.0 7260.0 148.0 104.0 17,
11920.0 7260.0 148.0 104.0 18,
12196.0 7268.0 144.0 100.0 19,
12440.0 7264.0 152.0 96.0 20,

10280.0 7400.0 440.0 100.0 Section
10796.0 7408.0 92.0 100.0 6,
10948.0 7408.0 596.0 112.0 Townbbip
11608.0 7412.0 116.0 88.0 20
11780.0 7404.0 364.0 116.0 SoLth,
12212.0 7412.0 376.0 112.0 Kaugt

10288.0 7564.0 96.0 84.0 19
10436.0 7560.0 336.0 104.0 West,
10836.0 7552.0 236.0 96.0 Salt
11124.0 7552.0 292.0 96.0 Lake
11472.0 7556.0 564.0 116.0 Meridian,
12100.0 7564.0 192.0 88.0 has
12340.0 7560.0 252.0 88.0 filed

10280.0 7712.0 356.0 88.0 notice
10768.0 7704.0 124.0 96.0 of
11012.0 7704.0 540.0 96.0 intention
11648.0 7720.0 104.0 80.0 to
11868.0 7712.0 320.0 88.0 made
12288.0 7712.0 316.0 92.0 three

10276.0 7884.0 264.0 92.0 year
10652.0 7856.0 360.0 116.0 Proof,
11076.0 7868.0 112.0 84.0 to
11240.0 7860.0 532.0 92.0 establish
11824.0 7856.0 316.0 96.0 claim
12196.0 7868.0 116.0 84.0 to
12420.0 7864.0 188.0 88.0 the

10288.0 8008.0 248.0 96.0 land
10592.0 8016.0 348.0 88.0 above
10988.0 8004.0 616.0 116.0 described,
11664.0 8012.0 376.0 92.0 before
12128.0 8012.0 472.0 92.0 Herbert

10284.0 8160.0 484.0 112.0 Nichols,
10912.0 8160.0 136.0 96.0 U.
11188.0 8164.0 108.0 88.0 S.
11456.0 8164.0 896.0 108.0 Commissioner,
12496.0 8172.0 116.0 80.0 at

10288.0 8308.0 436.0 100.0 Milford
10772.0 8308.0 320.0 116.0 Utah,
11148.0 8336.0 144.0 68.0 on
11336.0 8308.0 176.0 96.0 the
11568.0 8308.0 240.0 96.0 23rd
11856.0 8312.0 208.0 116.0 day
12120.0 8320.0 104.0 84.0 of
12276.0 8308.0 328.0 112.0 June,

10296.0 8464.0 256.0 96.0 1916.

10404.0 8612.0 556.0 100.0 Claimant
11008.0 8644.0 372.0 64.0 names
11432.0 8640.0 120.0 68.0 as
11604.0 8616.0 620.0 92.0 witnesses:

10404.0 8768.0 376.0 92.0 Alfred
10836.0 8764.0 604.0 116.0 Bellander,
11480.0 8768.0 360.0 92.0 Frank
11884.0 8768.0 112.0 92.0 L.
12052.0 8764.0 556.0 112.0 Selstrom,

10300.0 8920.0 312.0 92.0 Albin
10664.0 8916.0 600.0 112.0 Bellander,
11308.0 8916.0 140.0 92.0 all
11504.0 8924.0 112.0 84.0 of
11672.0 8916.0 396.0 112.0 Baker,
12116.0 8916.0 488.0 112.0 Nevada,

10292.0 9072.0 212.0 92.0 and
10600.0 9068.0 476.0 96.0 William
11160.0 9064.0 104.0 96.0 S.
11344.0 9068.0 728.0 96.0 Heckethorn
12164.0 9064.0 120.0 96.0 of
12360.0 9064.0 216.0 96.0 Gar-

10292.0 9220.0 328.0 116.0 rison,
10684.0 9216.0 328.0 100.0 Utah.

10992.0 9404.0 404.0 92.0 Gould
11468.0 9400.0 120.0 96.0 B.
11664.0 9404.0 592.0 108.0 Blakely,

12112.0 9552.0 508.0 120.0 Register

10304.0 9704.0 284.0 96.0 First
10640.0 9704.0 264.0 96.0 Pub.
10968.0 9704.0 248.0 116.0 May
11280.0 9704.0 280.0 116.0 12th,
11620.0 9704.0 276.0 96.0 1916.

10296.0 9856.0 268.0 96.0 Last
10620.0 9860.0 252.0 92.0 Pub.
10924.0 9856.0 288.0 92.0 June
11264.0 9860.0 236.0 124.0 9th,
11560.0 9860.0 236.0 92.0 1916

12700.0 1476.0 476.0 172.0 Board
13296.0 1480.0 640.0 212.0 Meeting
14052.0 1492.0 568.0 200.0 Pospon

12736.0 1968.0 232.0 92.0 The
13064.0 1968.0 408.0 120.0 special
13572.0 1980.0 492.0 112.0 meeting
14152.0 1992.0 112.0 84.0 of
14356.0 1980.0 176.0 96.0 the
14600.0 1984.0 132.0 116.0 Ta

12628.0 2112.0 380.0 120.0 Board,
13068.0 2120.0 596.0 96.0 scheduled
13760.0 2124.0 180.0 96.0 for
14024.0 2132.0 216.0 92.0 last
14288.0 2132.0 348.0 116.0 night,
14716.0 2196.0 28.0 48.0 ,

12628.0 2272.0 596.0 112.0 postponed
13316.0 2276.0 268.0 88.0 until
13684.0 2280.0 436.0 112.0 tonight
14208.0 2280.0 100.0 96.0 in
14404.0 2280.0 344.0 100.0 order,

12632.0 2420.0 392.0 112.0 permit
13112.0 2424.0 184.0 92.0 the
13408.0 2424.0 532.0 96.0 members
14036.0 2436.0 112.0 88.0 to
14260.0 2436.0 376.0 92.0 attend
14748.0 2464.0 12.0 60.0 ;

12628.0 2572.0 364.0 92.0 school
13120.0 2572.0 884.0 100.0 entertainment
14128.0 2592.0 116.0 84.0 at
14352.0 2588.0 180.0 92.0 the
14644.0 2584.0 132.0 96.0 Hi

12636.0 2720.0 416.0 96.0 School.
13188.0 2724.0 144.0 96.0 At
13444.0 2728.0 540.0 108.0 tonight's
14088.0 2740.0 496.0 116.0 meeting
14676.0 2744.0 88.0 92.0 it

12632.0 2876.0 528.0 112.0 expected
13216.0 2880.0 252.0 92.0 that
13516.0 2880.0 192.0 88.0 the
13764.0 2896.0 336.0 76.0 water
14152.0 2896.0 236.0 84.0 rate
14436.0 2900.0 400.0 104.0 questit

12636.0 3024.0 208.0 92.0 will
12900.0 3024.0 128.0 92.0 be
13060.0 3024.0 668.0 120.0 thoroughly
13772.0 3056.0 268.0 88.0 gone
14080.0 3036.0 236.0 88.0 into
14356.0 3044.0 204.0 84.0 and
14608.0 3068.0 232.0 64.0 mea

12640.0 3204.0 244.0 64.0 ures
12976.0 3176.0 332.0 96.0 taken
13392.0 3180.0 420.0 92.0 toward
13872.0 3184.0 552.0 116.0 enforcing
14504.0 3192.0 380.0 92.0 stricte

12636.0 3328.0 664.0 116.0 regulations
13360.0 3360.0 112.0 64.0 as
13544.0 3340.0 116.0 84.0 to
13712.0 3344.0 344.0 80.0 water
14108.0 3360.0 376.0 88.0 usage,
14544.0 3368.0 112.0 64.0 as
14712.0 3348.0 192.0 88.0 wel

12640.0 3508.0 116.0 64.0 as
12812.0 3480.0 732.0 116.0 adjustments
13600.0 3476.0 120.0 96.0 of
13768.0 3484.0 452.0 104.0 rentals,
14356.0 3492.0 216.0 92.0 The
14616.0 3520.0 284.0 64.0 mem-

12644.0 3632.0 240.0 92.0 bers
12940.0 3636.0 104.0 84.0 of
13096.0 3632.0 192.0 88.0 the
13336.0 3628.0 332.0 96.0 board
13724.0 3660.0 180.0 64.0 are
13964.0 3660.0 60.0 64.0 a
14084.0 3636.0 232.0 92.0 unit
14364.0 3636.0 104.0 96.0 in
14536.0 3644.0 372.0 92.0 declar-

12640.0 3780.0 192.0 116.0 ing
12864.0 3780.0 240.0 92.0 that
13136.0 3784.0 316.0 88.0 there
13496.0 3792.0 292.0 84.0 must
13824.0 3780.0 128.0 96.0 be
13996.0 3812.0 60.0 64.0 a
14084.0 3788.0 412.0 92.0 radical
14552.0 3788.0 400.0 100.0 reform

12644.0 3932.0 328.0 112.0 along
13020.0 3932.0 316.0 92.0 these
13384.0 3932.0 300.0 100.0 lines.

12772.0 4420.0 468.0 116.0 Reports
13336.0 4428.0 280.0 88.0 from
13716.0 4424.0 444.0 96.0 various
14260.0 4428.0 712.0 116.0 parlsofthe

12656.0 4572.0 316.0 92.0 State
13068.0 4572.0 492.0 96.0 indicate
13660.0 4576.0 248.0 96.0 that
14012.0 4580.0 316.0 92.0 there
14428.0 4580.0 196.0 92.0 has
14696.0 4580.0 276.0 92.0 been

12652.0 4720.0 760.0 100.0 considerable
13464.0 4728.0 468.0 116.0 damage
13972.0 4728.0 276.0 92.0 done
14292.0 4732.0 136.0 116.0 by
14476.0 4732.0 184.0 92.0 the
14704.0 4736.0 276.0 92.0 frost

12652.0 4880.0 108.0 88.0 in
12864.0 4904.0 316.0 88.0 many
13232.0 4880.0 500.0 96.0 seotions.
13876.0 4880.0 96.0 96.0 It
14072.0 4884.0 88.0 88.0 is
14256.0 4880.0 384.0 96.0 feared
14736.0 4884.0 244.0 92.0 that

12668.0 5028.0 432.0 92.0 Milford
13196.0 5028.0 384.0 120.0 Valley
13676.0 5032.0 196.0 92.0 has
13964.0 5044.0 192.0 80.0 not
14252.0 5036.0 464.0 116.0 escaped
14832.0 5040.0 144.0 92.0 its

12660.0 5180.0 328.0 92.0 share
13040.0 5184.0 116.0 88.0 of
13248.0 5180.0 224.0 92.0 loss
13576.0 5196.0 116.0 80.0 to
13744.0 5184.0 272.0 92.0 fruit
14112.0 5188.0 208.0 92.0 and
14376.0 5188.0 292.0 116.0 early
12664.0 5212.0 2272.0 216.0 vegetables.

13800.0 5612.0 64.0 56.0 v

12960.0 5904.0 508.0 176.0 Notice
13552.0 5916.0 160.0 164.0 of
13792.0 5916.0 908.0 176.0 Publication

12680.0 6368.0 724.0 112.0 Department
13516.0 6372.0 120.0 92.0 of
13748.0 6372.0 196.0 96.0 the
14040.0 6368.0 496.0 120.0 Interior,
14644.0 6376.0 128.0 96.0 U.
14884.0 6372.0 104.0 96.0 S.

12916.0 6520.0 296.0 92.0 Land
13312.0 6520.0 336.0 96.0 Office
13744.0 6532.0 116.0 84.0 at
13960.0 6524.0 244.0 96.0 Salt
14300.0 6528.0 296.0 88.0 Lake
14696.0 6528.0 292.0 116.0 City,

12924.0 6668.0 328.0 116.0 Utah,
13312.0 6672.0 248.0 116.0 May
13620.0 6676.0 276.0 112.0 llth,
13960.0 6676.0 264.0 92.0 1916.

12680.0 6820.0 524.0 96.0 NOTICE
13260.0 6824.0 88.0 88.0 is
13400.0 6824.0 412.0 116.0 hereby
13900.0 6828.0 328.0 112.0 given
14300.0 6824.0 240.0 96.0 that
14608.0 6824.0 396.0 96.0 Dennis

12688.0 6976.0 388.0 108.0 Smith,
13124.0 6976.0 104.0 88.0 of
13280.0 6972.0 556.0 116.0 Garrison,
13888.0 6976.0 332.0 112.0 Utah,
14272.0 6980.0 240.0 88.0 who
14552.0 7004.0 136.0 68.0 on
14748.0 6984.0 252.0 108.0 May
15244.0 6956.0 24.0 20.0 "

12692.0 7128.0 276.0 104.0 19th,
13048.0 7124.0 268.0 108.0 1911,
13416.0 7124.0 324.0 88.0 made
13836.0 7124.0 668.0 96.0 Homestead
14608.0 7132.0 388.0 108.0 Entry,

12688.0 7276.0 384.0 112.0 Serial,
13180.0 7276.0 332.0 108.0 07949,
13616.0 7272.0 176.0 92.0 for
13868.0 7280.0 356.0 112.0 NE4,
14328.0 7280.0 428.0 92.0 Seciion
14848.0 7280.0 152.0 112.0 3t,

12684.0 7428.0 588.0 112.0 Township
13356.0 7432.0 112.0 84.0 21
13564.0 7428.0 364.0 108.0 South,
13992.0 7432.0 376.0 108.0 Kange
14460.0 7436.0 108.0 84.0 19
14664.0 7432.0 340.0 112.0 West,

12696.0 7584.0 240.0 88.0 Salt
13024.0 7576.0 292.0 92.0 Lake
13420.0 7580.0 572.0 108.0 Meridien,
14056.0 7580.0 192.0 92.0 has
14344.0 7584.0 248.0 88.0 tiled
14648.0 7584.0 364.0 88.0 notice

12588.0 7740.0 16.0 56.0 !
12692.0 7736.0 104.0 88.0 of
12848.0 7728.0 532.0 96.0 intention
13436.0 7740.0 104.0 80.0 to
13592.0 7724.0 320.0 96.0 make
13964.0 7732.0 308.0 88.0 three
14324.0 7756.0 264.0 92.0 year
14644.0 7728.0 364.0 112.0 Proof,

12588.0 7888.0 20.0 60.0 '
12696.0 7892.0 108.0 84.0 to
12856.0 7880.0 536.0 92.0 establish
13488.0 7880.0 316.0 92.0 claim
13908.0 7896.0 112.0 76.0 to
14076.0 7880.0 180.0 92.0 the
14348.0 7884.0 252.0 88.0 land
14660.0 7880.0 356.0 96.0 above

12588.0 8036.0 12.0 12.0 '
12696.0 8032.0 620.0 108.0 described,
13452.0 8032.0 372.0 88.0 before
13940.0 8032.0 480.0 92.0 Herbert
14524.0 8032.0 480.0 108.0 Nichols,

12588.0 8180.0 24.0 72.0 '
12700.0 8184.0 128.0 92.0 U.
12888.0 8180.0 96.0 96.0 S.
13040.0 8184.0 864.0 104.0 Commissioner,
13972.0 8196.0 116.0 80.0 at
14140.0 8180.0 468.0 112.0 Milford,
14676.0 8184.0 336.0 112.0 Utah,

12588.0 8380.0 16.0 36.0 .
12704.0 8364.0 136.0 64.0 on
12900.0 8336.0 188.0 88.0 the
13140.0 8332.0 240.0 96.0 24th
13436.0 8332.0 208.0 108.0 day
13700.0 8328.0 128.0 96.0 of
13872.0 8332.0 320.0 112.0 June,
14256.0 8336.0 268.0 92.0 1916.

12820.0 8484.0 544.0 96.0 Claimant
13420.0 8512.0 372.0 64.0 names
13860.0 8512.0 116.0 64.0 as
14032.0 8484.0 620.0 96.0 witnesses:

12816.0 8640.0 476.0 92.0 Thomas
13384.0 8636.0 128.0 92.0 D.
13628.0 8636.0 548.0 112.0 Dearden,
14240.0 8644.0 112.0 84.0 of
14448.0 8636.0 564.0 112.0 Garrison,

12588.0 8832.0 20.0 44.0 i
12712.0 8792.0 340.0 108.0 Utah;
13168.0 8788.0 128.0 92.0 G.
13396.0 8784.0 172.0 96.0 W.
13656.0 8788.0 472.0 104.0 Gouder,
14236.0 8788.0 124.0 88.0 of
14464.0 8784.0 552.0 112.0 Garrison,

12588.0 8984.0 16.0 44.0 r
12716.0 8944.0 336.0 108.0 Utah;
13160.0 8940.0 160.0 92.0 W.
13408.0 8940.0 120.0 92.0 E.
13648.0 8936.0 596.0 112.0 Robinson,
14344.0 8944.0 116.0 84.0 of
14564.0 8936.0 456.0 108.0 Hatton,

12716.0 9096.0 348.0 124.0 Uiah-t
13152.0 9092.0 200.0 92.0 Ed.
13416.0 9092.0 440.0 108.0 Davies,
13964.0 9088.0 208.0 112.0 Jr.,
14268.0 9084.0 120.0 96.0 of
14476.0 9088.0 544.0 112.0 Fillmore,

12716.0 9240.0 324.0 96.0 Utah.

13708.0 9388.0 396.0 96.0 Gould
14164.0 9392.0 112.0 92.0 B.
14332.0 9388.0 568.0 112.0 Blakely,

12588.0 9576.0 32.0 64.0 r
14512.0 9544.0 516.0 112.0 Register

12724.0 9696.0 232.0 96.0 Firs
13064.0 9696.0 256.0 92.0 Pub.
13388.0 9692.0 248.0 116.0 May
13692.0 9692.0 280.0 112.0 12th,
14040.0 9692.0 264.0 96.0 1916.

12724.0 9852.0 264.0 88.0 Last
13040.0 9844.0 260.0 96.0 Pub.
13356.0 9848.0 284.0 92.0 Juue
13692.0 9856.0 228.0 100.0 9tn,
13984.0 9848.0 264.0 88.0 1916.

10624.0 11056.0 1456.0 560.0 GOLDEN
12320.0 11040.0 944.0 576.0 RULE
13504.0 11040.0 1216.0 576.0 ST0HE

11612.0 11976.0 1292.0 220.0 SATURDAY
13108.0 11968.0 616.0 224.0 ONLY

10628.0 12376.0 668.0 208.0 Oranges
11712.0 12472.0 1496.0 36.0 ....
13632.0 12428.0 268.0 144.0 per
14016.0 12364.0 320.0 172.0 doz.
14472.0 12364.0 264.0 164.0 35c
14964.0 12328.0 76.0 200.0 1

10624.0 12660.0 272.0 164.0 45c
11016.0 12648.0 532.0 172.0 Coffee
14472.0 12640.0 264.0 160.0 40c
14968.0 12536.0 76.0 264.0 9

11532.0 13284.0 392.0 216.0 Our
12072.0 13280.0 772.0 264.0 Weekly
13000.0 13276.0 840.0 268.0 Specials

10636.0 13680.0 472.0 168.0 Men's
11228.0 13676.0 628.0 172.0 Leather
11972.0 13672.0 480.0 176.0 Faced
12568.0 13676.0 540.0 168.0 Gloves
13512.0 13776.0 56.0 32.0 -
13996.0 13772.0 56.0 32.0 -
14480.0 13672.0 260.0 164.0 20c

10632.0 13960.0 268.0 164.0 20c
11020.0 13952.0 476.0 172.0 Men's
11616.0 13952.0 392.0 168.0 Hose
12492.0 14048.0 52.0 36.0 -
12972.0 14048.0 56.0 32.0 -
13500.0 13956.0 80.0 156.0 2
13692.0 13952.0 316.0 196.0 pair
14120.0 13944.0 244.0 164.0 for
14480.0 13944.0 264.0 164.0 25c
14972.0 13900.0 76.0 208.0 1

10636.0 14228.0 260.0 168.0 75c
11016.0 14224.0 452.0 168.0 Work
11584.0 14220.0 472.0 172.0 Shirts
12484.0 14316.0 1500.0 40.0 ....
14476.0 14216.0 264.0 164.0 45c
14972.0 14176.0 76.0 336.0 j

10260.0 14616.0 20.0 264.0 1
10636.0 14808.0 564.0 280.0 THE
11460.0 14804.0 1140.0 288.0 GOLDEN
12868.0 14804.0 732.0 276.0 RULE
13832.0 14796.0 912.0 280.0 STORE

11944.0 15160.0 872.0 196.0 MILFORD,
12948.0 15156.0 512.0 168.0 UTAH

12340.0 15428.0 420.0 140.0 Phone
12876.0 15432.0 152.0 128.0 10
14972.0 15392.0 76.0 292.0 J

6136.0 16600.0 464.0 280.0 The
6800.0 16608.0 440.0 280.0 Car
7424.0 16608.0 384.0 272.0 for
8000.0 16600.0 1488.0 344.0 ECONOMY,
9704.0 16600.0 1192.0 288.0 SERVICE
11080.0 16608.0 448.0 280.0 and
11720.0 16592.0 1752.0 288.0 DURABILITY
13656.0 16608.0 192.0 256.0 is
14032.0 16584.0 384.0 280.0 the

7376.0 17088.0 1544.0 424.0 STU
9200.0 17080.0 3976.0 424.0 DEBATER

8516.0 21344.0 888.0 76.0 aE:V,.-.-A
9436.0 21364.0 224.0 56.0 J.-r
9900.0 21392.0 156.0 56.0 Ml
10084.0 21396.0 176.0 60.0 Bin
10296.0 21400.0 96.0 52.0 mi
13668.0 21312.0 220.0 60.0 iiJ"

6488.0 21652.0 2336.0 256.0 MILFORD
8936.0 21792.0 172.0 44.0 -
9216.0 21648.0 640.0 248.0 BE
9880.0 21648.0 1408.0 252.0 AVER
11560.0 21648.0 1368.0 256.0 AUTO
13224.0 21652.0 772.0 256.0 CO.

8852.0 22100.0 1640.0 216.0 MIIJFORD,
10696.0 22104.0 932.0 176.0 UTAH
